3218 5058
219 443 344 548 ονΙ

218 642 268 706 his
284 641 432 706 omnibus
448 639 527 706 locis
542 641 648 725 ipsum
671 641 852 726 complures
876 627 1185 722 adhibuisseiontes,
1211 643 1268 710 sed
1291 649 1391 730 saepe

132 835 135 843 1
219 778 257 821 ca
280 767 406 821 tantum
429 760 630 840 repetivisse,
665 780 748 841 quae
771 760 802 821 in
826 761 898 842 ipso
921 763 1073 843 primario
1097 762 1185 825 fonte
1208 764 1387 846 reperisset.

217 873 271 936 Ac
293 875 319 937 si
350 877 546 957 quaerimus,
581 876 696 957 quibus
728 877 847 938 caussis
875 875 929 939 ille
958 887 1141 941 commotus
1169 880 1228 954 sit,
1259 861 1388 942 uthoc

216 992 440 1067 contenderet,
466 1013 563 1054 unam
587 993 782 1068 invenimus,
819 992 897 1055 dicit
919 993 1005 1055 enim
1029 994 1071 1078 (p.
1100 993 1173 1078 526)
1197 1014 1235 1058 ea
1258 1016 1292 1057 re
1316 1016 1387 1077 pro·

215 1106 283 1170 bari
300 1109 485 1190 opinionem
501 1128 601 1183 suam,
627 1108 714 1188 quod
738 1108 896 1171 interdum
912 1109 1099 1172 Plutarchus
1123 1131 1252 1192 quoque
1272 1113 1386 1174 iisdem

215 1223 294 1286 locis
323 1234 422 1306 atque
451 1225 583 1287 Tacitus
615 1224 657 1286 ad
685 1224 867 1307 complures
898 1224 1003 1288 fontes
1033 1235 1203 1307 provocet,
1239 1235 1276 1290 ut
1306 1227 1383 1291 Tac.

213 1339 316 1402 hist.'I
327 1357 389 1418 41:
419 1341 477 1402 »de
493 1361 681 1422 percussore
698 1341 858 1404 nonsatis
881 1313 1026 1404 constati
1052 1341 1184 1422 quidam
1197 1343 1385 1406 Terentium

213 1465 396 1533 evocatum,
431 1456 484 1518 alii
516 1457 706 1534 Lecanium;
742 1456 882 1521 crebrior
909 1456 1003 1519 'sama
1034 1458 1166 1520 tradidit
1199 1457 1385 1522 Camurium

212 1572 343 1653 quintae
365 1574 519 1642 decumae
541 1573 677 1654 legionis
693 1573 827 1636 militem
847 1574 992 1654 inpresso
1013 1573 1122 1655 gladio
1143 1573 1295 1656 jugulum,
1315 1576 1383 1658 ejus

212 1687 374 1751 hausisse«
401 1725 445 1736 -—
468 1689 549 1751 Plut.
575 1687 614 1752 G.
640 1704 698 1770 27:
724 1685 903 1776 ,,ἀπὲοφαξε
926 1688 960 1752 δὲ
984 1685 1094 1767 αὐτόν,
1119 1687 1161 1758 ὡς
1190 1686 1218 1754 οἱ
1246 1691 1381 1756 πλεῖστοι

212 1802 348 1884 λέγουσι,
373 1801 553 1890 Καμοὺριός
576 1827 621 1878 τις
645 1801 680 1868 ἐκ
703 1813 754 1867 τοῦ
778 1803 1051 1868 πεντεκαιδεκάτου
1073 1809 1235 1891 τάγματος.
1282 1803 1383 1871 Ἔνιοι
1409 1825 1415 1842 ‘

211 1917 244 1981 δὲ
269 1915 439 2003 Τερέντιον,
473 1916 501 1984 οἱ
529 1920 562 1983 δὲ
586 1917 737 1985 Λεκάνιον
771 1916 969 2005 ἱστοροῦσιν.“
1016 1921 1113 2001 Quod
1144 1933 1380 2004 argumentum,

211 2036 364 2116 quoniam
375 2035 580 2100 Plutarchum
592 2037 670 2119 ipsis
683 2037 787 2099 Taciti
800 2037 940 2100 historiis
960 2057 1052 2100 usum
1065 2057 1135 2100 esse
1146 2040 1379 2116 contendimus,

209 2150 325 2238 nullius
344 2153 437 2216 nobis
449 2154 606 2217 momenti
624 2173 694 2216 esse
712 2173 808 2215 nemo
832 2173 897 2215 non
920 2152 1086 2235 intellegit.
1122 2154 1164 2216 Iis
1187 2175 1273 2231 vero,
1298 2175 1382 2237 quae

209 2266 324 2331 Nissen
354 2268 419 2354 (pp.
448 2283 512 2349 500
534 2268 595 2353 sq.)
628 2270 736 2345 affert,
773 2278 808 2332 ut
840 2270 1040 2332 demonstret
1070 2270 1168 2354 (quod
1199 2271 1297 2333 etiam
1320 2292 1380 2334 nos

208 2384 424 2469 concedimus)
447 2406 629 2467 perversam
653 2405 724 2447 esse
747 2405 859 2448 eorum
883 2385 1082 2466 opinionem,
1114 2387 1168 2466 qui
1193 2386 1380 2450 existimant

207 2499 357 2562 Tacitum
382 2520 472 2564 more
496 2510 679 2566 nostrorum
702 2521 807 2563 rerum
831 2501 1022 2582 scriptorum
1049 2500 1241 2578 archivalia,
1274 2512 1310 2566 ut
1333 2483 1385 2566 ita·

206 2615 328 2692 dicam,
360 2617 466 2680 studia
494 2618 535 2679 ad
558 2616 789 2680 conscribenda
818 2637 916 2699 opera
950 2615 1136 2692 contulisse,
1164 2617 1377 2681 demonstrari

206 2751 271 2794 non
294 2741 403 2814 potest
426 2753 499 2795 eum
522 2732 604 2797 tales
627 2732 730 2809 locos,
765 2742 801 2795 ut
828 2733 1018 2814 »scriptores
1046 2735 1078 2796 in
1102 2753 1142 2795 eo
1163 2733 1372 2799 dissentiunt<

204 2848 255 2910 vel
295 2849 440 2911 »invenio
474 2849 560 2931 apud
595 2849 753 2930 quosdam
787 2857 954 2912 auctores«
994 2869 1012 2911 e
1044 2849 1133 2911 fonte
1167 2849 1242 2928 illo,
1279 2872 1376 2932 quem

204 2963 338 3046 fingunt,
364 2964 552 3047 simpliciter
567 2965 812 3046 transcripsisse.
861 2964 961 3027 Aliud
981 2965 1067 3028 enim
1091 2973 1140 3027 est
1163 2965 1376 3030 archivalibus

203 3101 238 3143 se
268 3082 345 3143 dare
374 3081 506 3158 studiis,
541 3081 627 3143 aliud
656 3079 838 3162 complures
868 3081 950 3143 inter
983 3101 1018 3143 se
1045 3101 1234 3162 comparare
1258 3081 1373 3144 fontes

202 3195 314 3278 Atque
335 3197 399 3259 hoc
420 3198 550 3278 quidem
569 3197 652 3258 illius
673 3197 829 3278 temporis
845 3197 1017 3278 scriptores
1041 3196 1145 3259 iacere
1168 3196 1282 3260 solitos
1305 3219 1376 3260 esse

201 3332 356 3394 apparere
380 3313 506 3376 videtur
528 3314 579 3376 vel
602 3333 644 3375 ex
667 3310 740 3374 loco
764 3312 820 3374 illo
839 3312 917 3374 Plin.
939 3332 988 3394 ep.
1012 3312 1087 3376 V8.
1106 3329 1161 3376 10:
1190 3322 1374 3377 »tutamen

198 3428 266 3509 jam
301 3449 384 3492 nunc
426 3429 550 3512 cogita,
591 3449 674 3512 quae
708 3429 913 3512 potissimum
954 3438 1103 3512 tempora
1138 3429 1371 3510 adgrediamur.

200 3543 322 3608 Vetera
346 3555 379 3608 et
402 3546 521 3628 scripta
544 3545 636 3609 aliisi
660 3545 1136 3627 paratainquisitio,
1162 3545 1241 3608 sed
1266 3565 1375 3608 oner

200 3660 569 3726 rosacollatio.«
596 3699 640 3708 —
1152 3729 1154 3734 .

287 3777 426 3840 Accedit
446 3779 532 3840 aliud
555 3778 652 3860 idque
672 3777 809 3860 gravius.
845 3774 1025 3836 Putandum
1047 3775 1132 3836 enim
1145 3784 1195 3839 est
1211 3775 1369 3853 Nissenio,

198 3892 224 3954 si
248 3893 280 3954 in
303 3895 461 3957 sententia
480 3915 537 3956 sua
555 3902 747 3976 perseverat,
768 3892 958 3974 scriptorem
975 3889 1074 3967 illurn,
1096 3910 1115 3953 a
1136 3911 1202 3972 quo
1220 3891 1371 3957 Tacitum

198 4016 231 4070 et
253 4008 458 4072 Plutarchum
493 4008 583 4072 locos
618 4009 709 4088 illos,
745 4010 785 4071 de
820 4006 935 4089 quibus
969 4005 1146 4088 loquimur,
1183 4009 1371 4091 repetivisse

197 4123 383 4203 arbitratur,
418 4127 523 4208 ipsum
551 4126 734 4208 complures
763 4123 947 4187 adhibuisse
983 4119 1156 4206 fontesv),
1193 4124 1253 4186 nisi
1287 4123 1370 4187 forte

195 4251 409 4261 ----——-

195 4306 277 4369 1113.
297 4307 345 4368 65;
373 4307 410 4356 IV
432 4318 470 4356 10.
491 4316 534 4368 57.
555 4307 602 4370 ⁶53
621 4306 646 4354 V
665 4318 694 4366 9,
723 4304 759 4353 XI
777 4318 804 4365 4.
826 4313 869 4364 27.
892 4313 940 4366 37;
967 4300 1019 4350 XII
1038 4301 1081 4350 26.
1104 4311 1146 4364 52.
1168 4303 1210 4363 67.
1230 4303 1279 4369 69;
1305 4303 1370 4352 XIII

199 4415 245 4470 17;
264 4404 329 4455 mv
349 4417 374 4454 2·
396 4417 427 4468 οι
446 4405 495 4453 XV
514 4403 557 4468 38·
579 4414 624 4466 45·
646 4411 689 4466 53·
712 4412 761 4464 τις
784 4402 847 4450 XVI
865 4413 891 4463 3·
912 4400 938 4448 ⁶·
1244 4385 1247 4392 ’

266 4498 299 4570 ⁹⁷)
320 4502 351 4554 ci.
372 4502 461 4552 Nissen
481 4502 499 4551 l.
521 4503 539 4551 l.
559 4518 586 4566 p.
609 4512 675 4565 527:
700 4499 769 4548 »Wir
788 4497 893 4558 landen,
921 4495 978 4545 dass
998 4495 1123 4546 dieselbe«
1145 4494 1280 4564 (significat
1298 4514 1368 4548 com·
