3218 5058
247 417 290 483 20

246 615 360 690 dicere,
385 616 505 697 quippe
521 615 575 697 qui
592 616 636 677 ita
652 621 686 677 se
702 603 850 689 habeant,
876 623 911 676 ut
933 634 973 677 ne
988 614 1103 677 Nissen
1127 615 1257 696 quidem
1280 613 1413 689 dubitet,

245 731 321 813 quin
355 732 419 793 alio
454 740 551 812 atque
585 731 682 793 solito
713 730 802 793 fonte
825 730 1011 792 Plutarchus
1046 730 1097 792 hic
1129 751 1203 792 usus
1233 731 1285 792 sit.
1334 730 1416 792 Sunt

245 848 341 928 igitur
364 847 426 909 loci
450 847 490 910 t).
521 864 568 925 14,
594 847 648 909 ubi
670 856 781 929 aperte
803 847 895 908 dicit:
930 843 1033 931 ,ἐμοὶ
1066 846 1099 908 δὲ
1134 843 1256 928 ὕστερον
1281 843 1413 910 testona

246 962 295 1024 διὰ
326 971 376 1025 τοῦ
407 961 512 1026 πεδίου
535 960 687 1045 Μέστριος
716 960 848 1046 Φλῶρος
862 961 899 1046 ³⁹)
921 1001 966 1009 -
996 963 1126 1049 διηγεῖτο
1140 961 1199 1046 4⁰)“
1225 983 1251 1024 e.
1277 983 1307 1043 q.
1334 983 1357 1024 s.
1384 971 1416 1024 et

248 1077 288 1140 O.
311 1081 359 1154 18,
385 1079 438 1140 ubi
454 1078 495 1153 id,
521 1079 609 1158 quod
625 1080 731 1152 tradit,
756 1101 790 1141 se
806 1080 912 1160 ipsum
935 1079 1053 1141 vidisse
1076 1079 1125 1140 his
1148 1078 1253 1141 verbis
1278 1079 1412 1158 indicat:

249 1190 349 1269 „allon
374 1193 407 1255 δὲ
432 1189 462 1255 ἐν
486 1191 635 1276 Βριξίλλῳ
659 1199 841 1279 γενόμενος“
866 1216 892 1256 e.
919 1216 949 1276 q.
975 1217 999 1257 s.
1012 1192 1051 1278 41)

336 1309 499 1389 Quoniam
514 1310 611 1390 igitur
627 1311 836 1392 exposuimus
852 1311 1056 1373 Plutarchum
1079 1331 1143 1372 non
1168 1331 1265 1372 unum
1289 1319 1415 1373 tantum

248 1422 370 1486 fontem
387 1445 514 1507 semper
537 1433 682 1488 secutum
707 1448 785 1501 esse,
812 1429 869 1490 sed
891 1423 1050 1489 interdum
1074 1436 1107 1489 et
1130 1426 1210 1489 alios
1234 1426 1415 1488 adhibuisse

246 1549 279 1602 et
297 1543 348 1602 'ea
380 1540 563 1616 tradidisse,
600 1563 684 1623 quae
718 1543 787 1624 ipse
811 1544 976 1605 audiverat
998 1543 1049 1603 vel
1073 1543 1211 1617 viderat,
1246 1543 1314 1622 jam
1337 1543 1415 1604 satis

246 1677 401 1739 apparere
418 1659 570 1720 existimo
586 1659 668 1733 inde,
688 1661 774 1739 quod
791 1659 949 1720 interdum
966 1679 1003 1719 ea
1027 1659 1133 1733 tradit,
1158 1679 1241 1739 quae
1264 1681 1284 1721 a
1300 1659 1415 1721 Tacito

242 1773 470 1854 negleguntur,
505 1773 613 1853 colligi
644 1793 846 1854 nequaquam
879 1793 975 1855 posse
1004 1773 1088 1834 hunc
1119 1794 1182 1836 non
1206 1775 1414 1857 praecipuum

243 1888 311 1968 ejus
335 1888 431 1950 fuisse
455 1887 588 1950 iontem.
636 1886 748 1968 Atque
776 1887 863 1948 nulla
894 1896 944 1950 est
971 1909 1099 1962 caussa,
1134 1909 1189 1950 cur
1220 1889 1257 1951 iis
1288 1899 1414 1954 tantum

242 2003 321 2065 locis
345 2024 418 2065 eum
441 2003 506 2064 alio
529 2011 627 2083 atque
650 2002 746 2064 solito
769 2001 858 2064 fonte
882 2025 974 2066 usum
998 2025 1068 2066 esse
1100 2014 1264 2087 putemus,
1299 2007 1414 2087 quibus

241 2127 353 2200 aperte
368 2118 430 2180 hoc
446 2118 531 2180 dicit.
573 2117 669 2198 Quod
693 2125 728 2178 ut
751 2119 864 2181 melius
888 2120 1100 2202 intellegatur,
1127 2122 1298 2183 nonnullos
1323 2122 1413 2184 locos

241 2233 353 2296 afferre
386 2233 504 2309 licebit,
534 2234 650 2315 quibus
681 2234 766 2295 idem
796 2233 909 2296 fecisse
937 2237 1090 2298 videatur.
1147 2238 1287 2299 Primum
1317 2238 1413 2319 igitur

243 2347 281 2412 G.
308 2365 349 2429 27
364 2347 402 2432 4²)
425 2349 568 2411 Fabium
596 2347 767 2410 Fabullum
797 2357 895 2428 caput
925 2347 1049 2410 Galbae
1081 2362 1267 2432 amputasse
1295 2363 1411 2429 narrat,

242 2465 329 2545 quod
361 2464 494 2526 Tacitus
528 2463 601 2526 hist.
627 2464 640 2525 Ι
670 2480 708 2540 41
737 2463 892 2544 neglegit;
929 2472 998 2524 tum
1033 2462 1071 2525 G.
1110 2467 1151 2526 28
1166 2464 1205 2549 43)
1240 2468 1337 2530 tradit
1372 2471 1413 2532 ab

240 2579 392 2660 Helvidio
414 2580 523 2641 Prisco
546 2578 670 2641 Galbae
693 2599 810 2661 corpus
833 2589 1027 2661 susceptum,
1053 2580 1094 2641 ab
1118 2580 1224 2661 Argio
1249 2583 1412 2662 sepultum

241 2715 320 2770 esse,
346 2715 419 2757 cum
435 2695 567 2757 Tacitus
583 2694 656 2757 hist.
674 2695 747 2774 149
763 2687 868 2757 soluhr
883 2695 1022 2777 Argium
1046 2705 1288 2758 commemoret.
1328 2697 1413 2758 Turn

241 2809 280 2872 O.
303 2827 339 2888 13
367 2810 468 2872 multa
491 2811 532 2871 de
547 2809 650 2872 Mario
675 2809 771 2872 Celso
794 2820 910 2885 narrat,
936 2831 1019 2892 quae
1042 2811 1128 2892 apud
1152 2811 1302 2872 Tacitum
1326 2810 1410 2894 (hist.

241 2925 269 2987 II
292 2943 336 3004 44
359 2926 419 3008 sq.)
442 2945 507 2987 non
531 2935 669 2988 exstant.
706 2925 817 3006 Atque
840 2927 924 2988 hunc
948 2926 1055 2988 locum
1078 2945 1112 2988 re
1135 2947 1211 2988 vera
1234 2927 1296 2989 huc
1319 2927 1412 3009 perti-

241 3062 316 3104 nere
346 3062 384 3104 ea
414 3061 544 3122 quoque
573 3062 607 3103 re
634 3042 760 3104 videtur
790 3041 990 3116 confirmari,
1024 3043 1112 3123 quod
1136 3042 1327 3105 Plutarchus
1350 3063 1415 3106 non

241 3158 340 3219 modo
356 3157 545 3233 uberiorem,
571 3177 669 3238 quam
686 3157 826 3232 Tacitus
852 3156 986 3239 praebet
1005 3158 1231 3232 narrationem,
1257 3159 1314 3220 sed
1337 3163 1415 3220 satis

241 3293 373 3354 quoque
394 3273 435 3335 ab
459 3294 499 3335 eo
523 3273 638 3334 diflert.
686 3272 819 3336 Tacitus
835 3275 920 3336 enirn
935 3275 1015 3338 haec
1031 3274 1108 3336 dicit
1124 3274 1163 3357 (ll
1178 3274 1248 3356 45);
1279 3274 1413 3355 »Legati

242 3389 417 3471 paullisper
448 3389 579 3465 retenti,
616 3408 655 3450 ea
687 3408 736 3450 res
769 3388 1014 3452 haesitationem
1050 3389 1157 3451 attulit
1185 3389 1321 3470 ignaris«
1356 3391 1415 3473 (sc.-

244 3503 448 3588 Othonianis)
475 3504 611 3579 «adhuc,
643 3525 683 3567 an
714 3506 955 3587 impetrassent;
993 3525 1072 3566 mox
1095 3506 1229 3567 remissa
1251 3506 1413 3586 legatione

313 3645 345 3716 ³⁹)
366 3649 406 3697 De
419 3647 471 3712 ejus
490 3664 546 3696 cum
558 3647 691 3696 Plutarcho
710 3647 886 3696 consuetudine
905 3647 999 3696 disserit
1010 3648 1156 3698 Volkmann
1175 3649 1193 3695 l.
1215 3648 1232 3695 l.
1253 3663 1297 3710 pp.
1318 3661 1353 3708 40
1371 3663 1409 3710 sq.

312 3743 345 3812 ⁴⁰)
364 3745 585 3794 Vehementissime
596 3744 645 3793 hoc
658 3761 755 3809 quoque
768 3745 834 3806 loco,
854 3752 932 3806 uteo,
953 3746 985 3795 de
1002 3761 1051 3809 quo
1063 3745 1115 3808 jam
1133 3760 1206 3808 supra
1223 3743 1410 3807 disputavimus,

240 3852 303 3894 errat
321 3844 496 3904 Wiedemann,
516 3859 573 3891 cum
592 3843 651 3891 dicit
671 3841 700 3910 (l.
722 3843 739 3892 l.
760 3859 787 3906 p.
801 3841 859 3908 45),
879 3841 1041 3893 Plutarchum
1061 3843 1092 3892 Ο.
1117 3855 1147 3903 14
1166 3841 1292 3890 Mestrium
1311 3842 1412 3890 Florum

242 3959 336 4004 eorum,
357 3957 420 4006 quae
439 3941 621 3991 Suetonius
639 3949 668 3989 et
686 3941 821 3990 Tacitus
840 3941 965 4004 pariter
983 3940 1143 4000 reserant,
1163 3940 1313 4004 peculiarem
1326 3947 1413 3988 testem

242 4041 386 4105 poducere.
413 4040 484 4088 Haec
503 4039 569 4087 enim
588 4054 667 4102 neque
686 4039 752 4101 apud
769 4038 885 4086 Tacitum
904 4053 983 4102 neque
1002 4038 1068 4100 apud
1087 4038 1232 4086 Suetonium
1251 4039 1409 4102 reperiuntur.

313 4134 346 4204 ⁴¹)
366 4139 404 4186 Ac
416 4154 447 4186 ne
461 4137 520 4201 quid
532 4137 659 4185 videamur
670 4136 755 4184 leviter
766 4136 966 4200 praetermisisse,
987 4136 1129 4186 addendum
1146 4136 1240 4185 videtur
1252 4136 1411 4186 Plutarchum

244 4237 276 4286 G.
296 4237 326 4285 16
349 4235 454 4284 Hesiodi
471 4243 496 4283 et
514 4235 548 4284 G.
568 4245 600 4295 27
614 4233 767 4295 Archilochi,
789 4250 850 4298 quos
862 4235 915 4298 ipse
934 4234 1055 4296 nominat,
1076 4235 1197 4298 quosdam
1215 4250 1297 4284 versus
1315 4234 1410 4282 afferre.

314 4329 348 4400 ⁴²)
368 4332 402 4382 cl.
425 4333 517 4381 Clason
537 4333 554 4380 l.
574 4332 592 4380 l.
611 4349 637 4396 p.
657 4331 682 4381 8.

318 4427 351 4498 ⁴³)
371 4430 404 4480 cs.
425 4430 518 4480 Cla-son
537 4431 554 4480 l.
575 4430 592 4480 l.
611 4447 637 4496 p.
658 4444 682 4494 9.
733 4485 739 4492 ¹
