<?xml version="1.0" encoding="UTF-8"?>
<!DOCTYPE html PUBLIC "-//W3C//DTD XHTML 1.0 Transitional//EN"
    "http://www.w3.org/TR/xhtml1/DTD/xhtml1-transitional.dtd">
<html xmlns="http://www.w3.org/1999/xhtml" xml:lang="en" lang="en">
 <head>
  <title>
</title>
<meta http-equiv="Content-Type" content="text/html;charset=utf-8" />
  <meta name='ocr-system' content='tesseract 3.04.00' />
  <meta name='ocr-capabilities' content='ocr_page ocr_carea ocr_par ocr_line ocrx_word'/>
</head>
<body>
  <div class='ocr_page' id='page_1' title='image "./detacitoplutarc00langgoog_0029.png"; bbox 0 0 3218 5058; ppageno 0'>
   <div class='ocr_carea' id='block_1_1' title="bbox 1268 406 1311 474">
    <p class='ocr_par' dir='ltr' id='par_1_1' title="bbox 1268 406 1311 474">
     <span class='ocr_line' id='line_1_1' title="bbox 1268 406 1311 474; baseline -0.023 0"><span class='ocrx_word' id='word_1_1' title='bbox 1268 406 1311 474; x_wconf 79' lang='lat'>25</span> 
     </span>
    </p>
   </div>
   <div class='ocr_carea' id='block_1_2' title="bbox 143 603 1310 807">
    <p class='ocr_par' dir='ltr' id='par_1_2' title="bbox 143 603 1310 807">
     <span class='ocr_line' id='line_1_2' title="bbox 143 603 1309 694; baseline 0 -25"><span class='ocrx_word' id='word_1_2' title='bbox 143 605 280 691; x_wconf 82' lang='grc' dir='ltr'><strong>μίξαντες</strong></span> <span class='ocrx_word' id='word_1_3' title='bbox 310 605 480 693; x_wconf 76' lang='grc' dir='ltr'>ἐκράτησαν</span> <span class='ocrx_word' id='word_1_4' title='bbox 512 611 565 671; x_wconf 84' lang='grc' dir='ltr'>καὶ</span> <span class='ocrx_word' id='word_1_5' title='bbox 594 608 771 694; x_wconf 77' lang='grc' dir='ltr'>διέφθειραν</span> <span class='ocrx_word' id='word_1_6' title='bbox 803 604 901 670; x_wconf 74' lang='grc' dir='ltr'>αὐτῶν</span> <span class='ocrx_word' id='word_1_7' title='bbox 931 603 987 669; x_wconf 75' lang='grc' dir='ltr'>οὐκ</span> <span class='ocrx_word' id='word_1_8' title='bbox 1010 603 1164 691; x_wconf 45' lang='grc' dir='ltr'>ὀλίγουςίί)</span> <span class='ocrx_word' id='word_1_9' title='bbox 1188 616 1309 670; x_wconf 89' lang='lat' dir='ltr'>senten·</span> 
     </span>
     <span class='ocr_line' id='line_1_3' title="bbox 143 720 1310 807; baseline 0.002 -24"><span class='ocrx_word' id='word_1_10' title='bbox 143 724 220 784; x_wconf 93' lang='lat' dir='ltr'>tiam</span> <span class='ocrx_word' id='word_1_11' title='bbox 238 744 367 804; x_wconf 90' lang='lat' dir='ltr'>prorsus</span> <span class='ocrx_word' id='word_1_12' title='bbox 384 725 527 805; x_wconf 85' lang='lat' dir='ltr'>ineptam</span> <span class='ocrx_word' id='word_1_13' title='bbox 543 724 733 805; x_wconf 89' lang='lat' dir='ltr'>praeberent</span> <span class='ocrx_word' id='word_1_14' title='bbox 742 720 788 807; x_wconf 74' lang='grc'>52).</span> <span class='ocrx_word' id='word_1_15' title='bbox 818 723 911 804; x_wconf 81' lang='lat' dir='ltr'>Quae</span> <span class='ocrx_word' id='word_1_16' title='bbox 926 743 1000 784; x_wconf 90' lang='lat' dir='ltr'>cum</span> <span class='ocrx_word' id='word_1_17' title='bbox 1016 724 1061 785; x_wconf 85' lang='lat' dir='ltr'>ita</span> <span class='ocrx_word' id='word_1_18' title='bbox 1077 725 1149 798; x_wconf 91' lang='lat' dir='ltr'>sint,</span> <span class='ocrx_word' id='word_1_19' title='bbox 1175 731 1310 805; x_wconf 87' lang='lat' dir='ltr'>apparet</span> 
     </span>
    </p>
   </div>
   <div class='ocr_carea' id='block_1_3' title="bbox 144 817 1308 921">
    <p class='ocr_par' dir='ltr' id='par_1_3' title="bbox 144 817 1308 921">
     <span class='ocr_line' id='line_1_4' title="bbox 144 817 1308 921; baseline 0.001 -22"><span class='ocrx_word' id='word_1_20' title='bbox 144 839 251 901; x_wconf 94' lang='lat' dir='ltr'>multis</span> <span class='ocrx_word' id='word_1_21' title='bbox 283 839 375 914; x_wconf 92' lang='lat' dir='ltr'>locis,</span> <span class='ocrx_word' id='word_1_22' title='bbox 409 817 523 920; x_wconf 90' lang='lat' dir='ltr'>quibus</span> <span class='ocrx_word' id='word_1_23' title='bbox 554 841 645 921; x_wconf 91' lang='lat' dir='ltr'>plura</span> <span class='ocrx_word' id='word_1_24' title='bbox 675 839 861 902; x_wconf 79' lang='lat' dir='ltr'>Plutarchus</span> <span class='ocrx_word' id='word_1_25' title='bbox 892 839 1001 914; x_wconf 88' lang='lat' dir='ltr'>affert,</span> <span class='ocrx_word' id='word_1_26' title='bbox 1039 859 1136 920; x_wconf 89' lang='lat' dir='ltr'>quam</span> <span class='ocrx_word' id='word_1_27' title='bbox 1166 839 1308 915; x_wconf 78' lang='lat' dir='ltr'>TacituS,</span> 
     </span>
    </p>
   </div>
   <div class='ocr_carea' id='block_1_4' title="bbox 129 954 1310 3812">
    <p class='ocr_par' dir='ltr' id='par_1_4' title="bbox 129 954 1310 3812">
     <span class='ocr_line' id='line_1_5' title="bbox 141 954 1310 1036; baseline 0.003 -22"><span class='ocrx_word' id='word_1_28' title='bbox 141 963 265 1015; x_wconf 82' lang='lat' dir='ltr'>tantum</span> <span class='ocrx_word' id='word_1_29' title='bbox 301 955 430 1030; x_wconf 86' lang='lat' dir='ltr'>abesse,</span> <span class='ocrx_word' id='word_1_30' title='bbox 469 964 504 1017; x_wconf 93' lang='lat' dir='ltr'>ut</span> <span class='ocrx_word' id='word_1_31' title='bbox 538 957 715 1018; x_wconf 82' lang='lat' dir='ltr'>accuratius</span> <span class='ocrx_word' id='word_1_32' title='bbox 747 993 792 1001; x_wconf 89' lang='lat'>—</span> <span class='ocrx_word' id='word_1_33' title='bbox 826 963 862 1016; x_wconf 91' lang='lat' dir='ltr'>ut</span> <span class='ocrx_word' id='word_1_34' title='bbox 896 954 1109 1016; x_wconf 88' lang='lat' dir='ltr'>Wicdemann</span> <span class='ocrx_word' id='word_1_35' title='bbox 1148 956 1310 1036; x_wconf 88' lang='lat' dir='ltr'>ceterique</span> 
     </span>
     <span class='ocr_line' id='line_1_6' title="bbox 141 1069 1308 1145; baseline 0.001 -15"><span class='ocrx_word' id='word_1_36' title='bbox 141 1069 253 1132; x_wconf 92' lang='lat' dir='ltr'>volunt</span> <span class='ocrx_word' id='word_1_37' title='bbox 283 1107 326 1116; x_wconf 87' lang='lat'><em>-</em></span> <span class='ocrx_word' id='word_1_38' title='bbox 359 1070 481 1132; x_wconf 83' lang='lat' dir='ltr'>fontem</span> <span class='ocrx_word' id='word_1_39' title='bbox 512 1091 716 1133; x_wconf 90' lang='lat' dir='ltr'>communem</span> <span class='ocrx_word' id='word_1_40' title='bbox 750 1079 877 1133; x_wconf 89' lang='lat' dir='ltr'>secutus</span> <span class='ocrx_word' id='word_1_41' title='bbox 909 1092 979 1132; x_wconf 90' lang='lat' dir='ltr'>esse</span> <span class='ocrx_word' id='word_1_42' title='bbox 1003 1069 1234 1132; x_wconf 82' lang='lat' dir='ltr'>existimandus</span> <span class='ocrx_word' id='word_1_43' title='bbox 1258 1071 1308 1145; x_wconf 88' lang='lat' dir='ltr'>sit,</span> 
     </span>
     <span class='ocr_line' id='line_1_7' title="bbox 141 1187 1309 1267; baseline 0.003 -21"><span class='ocrx_word' id='word_1_44' title='bbox 141 1194 174 1246; x_wconf 93' lang='lat' dir='ltr'>ut</span> <span class='ocrx_word' id='word_1_45' title='bbox 209 1207 262 1256; x_wconf 81' lang='lat' dir='ltr'>ea,</span> <span class='ocrx_word' id='word_1_46' title='bbox 300 1207 383 1266; x_wconf 90' lang='lat' dir='ltr'>quae</span> <span class='ocrx_word' id='word_1_47' title='bbox 417 1187 504 1250; x_wconf 90' lang='lat' dir='ltr'>solus</span> <span class='ocrx_word' id='word_1_48' title='bbox 539 1187 651 1262; x_wconf 88' lang='lat' dir='ltr'>habet,</span> <span class='ocrx_word' id='word_1_49' title='bbox 695 1187 737 1250; x_wconf 88' lang='lat' dir='ltr'>ad</span> <span class='ocrx_word' id='word_1_50' title='bbox 771 1187 936 1249; x_wconf 88' lang='lat' dir='ltr'>levitatem</span> <span class='ocrx_word' id='word_1_51' title='bbox 971 1187 1039 1267; x_wconf 90' lang='lat' dir='ltr'>ejus</span> <span class='ocrx_word' id='word_1_52' title='bbox 1077 1195 1109 1248; x_wconf 91' lang='lat' dir='ltr'>et</span> <span class='ocrx_word' id='word_1_53' title='bbox 1144 1187 1309 1249; x_wconf 87' lang='lat' dir='ltr'>arbitrium</span> 
     </span>
     <span class='ocr_line' id='line_1_8' title="bbox 143 1300 1310 1386; baseline 0.002 -25"><span class='ocrx_word' id='word_1_54' title='bbox 143 1300 307 1364; x_wconf 88' lang='lat' dir='ltr'>referenda</span> <span class='ocrx_word' id='word_1_55' title='bbox 330 1323 398 1364; x_wconf 88' lang='lat' dir='ltr'>esse</span> <span class='ocrx_word' id='word_1_56' title='bbox 421 1303 597 1366; x_wconf 89' lang='lat' dir='ltr'>videantur.</span> <span class='ocrx_word' id='word_1_57' title='bbox 644 1303 755 1383; x_wconf 86' lang='lat' dir='ltr'>Atque</span> <span class='ocrx_word' id='word_1_58' title='bbox 790 1303 959 1364; x_wconf 92' lang='lat' dir='ltr'>nonnullos</span> <span class='ocrx_word' id='word_1_59' title='bbox 990 1303 1079 1364; x_wconf 93' lang='lat' dir='ltr'>locos</span> <span class='ocrx_word' id='word_1_60' title='bbox 1109 1302 1139 1386; x_wconf 83' lang='lat' dir='ltr'>(a</span> <span class='ocrx_word' id='word_1_61' title='bbox 1170 1301 1310 1364; x_wconf 90' lang='lat' dir='ltr'>Clasono</span> 
     </span>
     <span class='ocr_line' id='line_1_9' title="bbox 137 1417 1308 1500; baseline 0 -22"><span class='ocrx_word' id='word_1_62' title='bbox 137 1417 204 1497; x_wconf 87' lang='lat' dir='ltr'>jam</span> <span class='ocrx_word' id='word_1_63' title='bbox 221 1417 348 1500; x_wconf 88' lang='lat' dir='ltr'>allatos)</span> <span class='ocrx_word' id='word_1_64' title='bbox 364 1418 505 1499; x_wconf 80' lang='lat' dir='ltr'>proferre</span> <span class='ocrx_word' id='word_1_65' title='bbox 522 1419 639 1493; x_wconf 86' lang='lat' dir='ltr'>licebit,</span> <span class='ocrx_word' id='word_1_66' title='bbox 665 1419 696 1479; x_wconf 92' lang='lat' dir='ltr'>in</span> <span class='ocrx_word' id='word_1_67' title='bbox 713 1439 803 1500; x_wconf 78' lang='lat' dir='ltr'>quoS,</span> <span class='ocrx_word' id='word_1_68' title='bbox 829 1419 917 1499; x_wconf 91' lang='lat' dir='ltr'>quod</span> <span class='ocrx_word' id='word_1_69' title='bbox 937 1418 1013 1492; x_wconf 88' lang='lat' dir='ltr'>dixi,</span> <span class='ocrx_word' id='word_1_70' title='bbox 1038 1418 1152 1479; x_wconf 87' lang='lat' dir='ltr'>cadere</span> <span class='ocrx_word' id='word_1_71' title='bbox 1175 1417 1308 1492; x_wconf 91' lang='lat' dir='ltr'>videtur,</span> 
     </span>
     <span class='ocr_line' id='line_1_10' title="bbox 139 1533 1309 1615; baseline 0.002 -21"><span class='ocrx_word' id='word_1_72' title='bbox 139 1533 197 1594; x_wconf 87' lang='lat' dir='ltr'>etsi</span> <span class='ocrx_word' id='word_1_73' title='bbox 222 1553 301 1608; x_wconf 94' lang='lat' dir='ltr'>non,</span> <span class='ocrx_word' id='word_1_74' title='bbox 335 1542 370 1595; x_wconf 94' lang='lat' dir='ltr'>ut</span> <span class='ocrx_word' id='word_1_75' title='bbox 393 1534 454 1596; x_wconf 94' lang='lat' dir='ltr'>illis</span> <span class='ocrx_word' id='word_1_76' title='bbox 478 1535 574 1608; x_wconf 91' lang='lat' dir='ltr'>locis,</span> <span class='ocrx_word' id='word_1_77' title='bbox 610 1535 650 1596; x_wconf 88' lang='lat' dir='ltr'>de</span> <span class='ocrx_word' id='word_1_78' title='bbox 673 1535 789 1615; x_wconf 89' lang='lat' dir='ltr'>quibus</span> <span class='ocrx_word' id='word_1_79' title='bbox 812 1535 911 1595; x_wconf 94' lang='lat' dir='ltr'>modo</span> <span class='ocrx_word' id='word_1_80' title='bbox 935 1533 1033 1595; x_wconf 92' lang='lat' dir='ltr'>locuti</span> <span class='ocrx_word' id='word_1_81' title='bbox 1057 1551 1182 1607; x_wconf 80' lang='lat' dir='ltr'>sumuS,</span> <span class='ocrx_word' id='word_1_82' title='bbox 1214 1534 1309 1596; x_wconf 89' lang='lat' dir='ltr'>certis</span> 
     </span>
     <span class='ocr_line' id='line_1_11' title="bbox 138 1646 1307 1732; baseline 0 -23"><span class='ocrx_word' id='word_1_83' title='bbox 138 1651 334 1730; x_wconf 83' lang='lat' dir='ltr'>argumentis</span> <span class='ocrx_word' id='word_1_84' title='bbox 364 1650 426 1712; x_wconf 92' lang='lat' dir='ltr'>hoc</span> <span class='ocrx_word' id='word_1_85' title='bbox 456 1651 593 1732; x_wconf 87' lang='lat' dir='ltr'>probare</span> <span class='ocrx_word' id='word_1_86' title='bbox 624 1671 803 1732; x_wconf 92' lang='lat' dir='ltr'>possumus.</span> <span class='ocrx_word' id='word_1_87' title='bbox 855 1649 902 1712; x_wconf 94' lang='lat' dir='ltr'>Ut</span> <span class='ocrx_word' id='word_1_88' title='bbox 929 1648 1116 1711; x_wconf 92' lang='lat' dir='ltr'>Plutarchus</span> <span class='ocrx_word' id='word_1_89' title='bbox 1151 1646 1190 1710; x_wconf 91' lang='lat' dir='ltr'>G.</span> <span class='ocrx_word' id='word_1_90' title='bbox 1217 1664 1234 1709; x_wconf 90' lang='lat'><em>2</em></span> <span class='ocrx_word' id='word_1_91' title='bbox 1241 1661 1255 1726; x_wconf 87' lang='lat'>5</span> <span class='ocrx_word' id='word_1_92' title='bbox 1269 1646 1307 1732; x_wconf 79' lang='lat'>⁵³)</span> 
     </span>
     <span class='ocr_line' id='line_1_12' title="bbox 139 1763 1307 1849; baseline 0.001 -24"><span class='ocrx_word' id='word_1_93' title='bbox 139 1765 234 1826; x_wconf 87' lang='lat' dir='ltr'>tradit</span> <span class='ocrx_word' id='word_1_94' title='bbox 257 1764 356 1848; x_wconf 92' lang='lat' dir='ltr'>(quod</span> <span class='ocrx_word' id='word_1_95' title='bbox 379 1787 482 1847; x_wconf 88' lang='lat' dir='ltr'>neque</span> <span class='ocrx_word' id='word_1_96' title='bbox 505 1766 589 1849; x_wconf 88' lang='lat' dir='ltr'>apud</span> <span class='ocrx_word' id='word_1_97' title='bbox 614 1767 778 1840; x_wconf 90' lang='lat' dir='ltr'>Tacitum,</span> <span class='ocrx_word' id='word_1_98' title='bbox 808 1785 916 1846; x_wconf 89' lang='lat' dir='ltr'>neque</span> <span class='ocrx_word' id='word_1_99' title='bbox 940 1764 1025 1846; x_wconf 91' lang='lat' dir='ltr'>apud</span> <span class='ocrx_word' id='word_1_100' title='bbox 1049 1763 1239 1827; x_wconf 88' lang='lat' dir='ltr'>Suetonium</span> <span class='ocrx_word' id='word_1_101' title='bbox 1263 1764 1307 1826; x_wconf 93' lang='lat' dir='ltr'>in-</span> 
     </span>
     <span class='ocr_line' id='line_1_13' title="bbox 137 1878 1304 1964; baseline 0.001 -24"><span class='ocrx_word' id='word_1_102' title='bbox 137 1881 290 1964; x_wconf 81' lang='lat' dir='ltr'>venimus)</span> <span class='ocrx_word' id='word_1_103' title='bbox 314 1881 455 1956; x_wconf 89' lang='lat' dir='ltr'>Vinium,</span> <span class='ocrx_word' id='word_1_104' title='bbox 481 1883 654 1955; x_wconf 87' lang='lat' dir='ltr'>Laconem,</span> <span class='ocrx_word' id='word_1_105' title='bbox 680 1882 760 1943; x_wconf 89' lang='lat' dir='ltr'>alios</span> <span class='ocrx_word' id='word_1_106' title='bbox 784 1883 824 1944; x_wconf 89' lang='lat' dir='ltr'>ad</span> <span class='ocrx_word' id='word_1_107' title='bbox 849 1881 1002 1942; x_wconf 86' lang='lat' dir='ltr'>tuendum</span> <span class='ocrx_word' id='word_1_108' title='bbox 1026 1878 1165 1942; x_wconf 86' lang='lat' dir='ltr'>Galbam</span> <span class='ocrx_word' id='word_1_109' title='bbox 1188 1879 1304 1941; x_wconf 87' lang='lat' dir='ltr'>sacrifi·</span> 
     </span>
     <span class='ocr_line' id='line_1_14' title="bbox 137 1991 1309 2082; baseline 0.001 -25"><span class='ocrx_word' id='word_1_110' title='bbox 137 2006 263 2059; x_wconf 91' lang='lat' dir='ltr'>cantem</span> <span class='ocrx_word' id='word_1_111' title='bbox 301 1997 427 2077; x_wconf 84' lang='lat' dir='ltr'>gladios</span> <span class='ocrx_word' id='word_1_112' title='bbox 461 1998 627 2060; x_wconf 88' lang='lat' dir='ltr'>strinxisse</span> <span class='ocrx_word' id='word_1_113' title='bbox 665 1995 794 2082; x_wconf 79' lang='grc' dir='ltr'>(,,ὄχλου</span> <span class='ocrx_word' id='word_1_114' title='bbox 831 1997 864 2058; x_wconf 83' lang='grc' dir='ltr'>δὲ</span> <span class='ocrx_word' id='word_1_115' title='bbox 903 1995 1097 2059; x_wconf 82' lang='grc' dir='ltr'>παντοδαποῦ</span> <span class='ocrx_word' id='word_1_116' title='bbox 1132 1991 1309 2079; x_wconf 74' lang='grc' dir='ltr'>συρρέοντος</span> 
     </span>
     <span class='ocr_line' id='line_1_15' title="bbox 137 2108 1307 2198; baseline 0.001 -26"><span class='ocrx_word' id='word_1_117' title='bbox 137 2109 167 2182; x_wconf 78' lang='grc' dir='ltr'>ἐξ</span> <span class='ocrx_word' id='word_1_118' title='bbox 197 2108 313 2194; x_wconf 77' lang='grc' dir='ltr'>ἀγορᾶς</span> <span class='ocrx_word' id='word_1_119' title='bbox 341 2110 421 2196; x_wconf 69' lang='grc' dir='ltr'>αὐτῷ</span> <span class='ocrx_word' id='word_1_120' title='bbox 454 2117 507 2198; x_wconf 80' lang='grc' dir='ltr'>μὲν</span> <span class='ocrx_word' id='word_1_121' title='bbox 537 2110 655 2182; x_wconf 74' lang='grc' dir='ltr'>Οὐίνιος</span> <span class='ocrx_word' id='word_1_122' title='bbox 687 2116 740 2175; x_wconf 80' lang='grc' dir='ltr'>καὶ</span> <span class='ocrx_word' id='word_1_123' title='bbox 762 2110 877 2175; x_wconf 78' lang='grc' dir='ltr'>Λάκων</span> <span class='ocrx_word' id='word_1_124' title='bbox 909 2115 963 2174; x_wconf 80' lang='grc' dir='ltr'>καὶ</span> <span class='ocrx_word' id='word_1_125' title='bbox 993 2121 1049 2174; x_wconf 83' lang='grc' dir='ltr'>τῶν</span> <span class='ocrx_word' id='word_1_126' title='bbox 1090 2108 1307 2194; x_wconf 75' lang='grc' dir='ltr'>ἀπελευθέρων</span> 
     </span>
     <span class='ocr_line' id='line_1_16' title="bbox 137 2225 1304 2322; baseline 0 -34"><span class='ocrx_word' id='word_1_127' title='bbox 137 2225 208 2289; x_wconf 81' lang='grc' dir='ltr'>ἐ’νιοι</span> <span class='ocrx_word' id='word_1_128' title='bbox 238 2231 337 2312; x_wconf 80' lang='grc' dir='ltr'>γυμνὰ</span> <span class='ocrx_word' id='word_1_129' title='bbox 367 2231 404 2291; x_wconf 83' lang='grc' dir='ltr'>τὰ</span> <span class='ocrx_word' id='word_1_130' title='bbox 437 2227 507 2315; x_wconf 74' lang='grc' dir='ltr'>ξίφη</span> <span class='ocrx_word' id='word_1_131' title='bbox 538 2233 752 2313; x_wconf 80' lang='grc' dir='ltr'>προϊσχόμενοι</span> <span class='ocrx_word' id='word_1_132' title='bbox 780 2227 1018 2322; x_wconf 41' lang='grc' dir='ltr'>παρέατηοανίϊ).</span> <span class='ocrx_word' id='word_1_133' title='bbox 1066 2227 1177 2308; x_wconf 89' lang='lat' dir='ltr'>Atque</span> <span class='ocrx_word' id='word_1_134' title='bbox 1212 2227 1251 2289; x_wconf 94' lang='lat' dir='ltr'>O.</span> <span class='ocrx_word' id='word_1_135' title='bbox 1288 2245 1304 2306; x_wconf 85' lang='lat'>3</span> 
     </span>
     <span class='ocr_line' id='line_1_17' title="bbox 135 2339 1305 2430; baseline 0.003 -27"><span class='ocrx_word' id='word_1_136' title='bbox 135 2341 231 2405; x_wconf 84' lang='lat' dir='ltr'>refert</span> <span class='ocrx_word' id='word_1_137' title='bbox 272 2339 370 2419; x_wconf 76' lang='grc' dir='ltr'>,ρῦτω</span> <span class='ocrx_word' id='word_1_138' title='bbox 404 2345 436 2406; x_wconf 81' lang='grc' dir='ltr'>δὲ</span> <span class='ocrx_word' id='word_1_139' title='bbox 472 2355 512 2428; x_wconf 80' lang='grc' dir='ltr'>τῷ</span> <span class='ocrx_word' id='word_1_140' title='bbox 547 2344 633 2430; x_wconf 77' lang='grc' dir='ltr'>δήμῳ</span> <span class='ocrx_word' id='word_1_141' title='bbox 669 2347 721 2430; x_wconf 76' lang='grc' dir='ltr'>τὴν</span> <span class='ocrx_word' id='word_1_142' title='bbox 759 2344 951 2429; x_wconf 78' lang='grc' dir='ltr'>δικαιοτάτην</span> <span class='ocrx_word' id='word_1_143' title='bbox 988 2340 1099 2429; x_wconf 79' lang='grc' dir='ltr'>ἡδονὴν</span> <span class='ocrx_word' id='word_1_144' title='bbox 1133 2339 1305 2411; x_wconf 79' lang='grc' dir='ltr'>ἀποδοὺςὸ</span> 
     </span>
     <span class='ocr_line' id='line_1_18' title="bbox 136 2451 1302 2544; baseline 0.002 -26"><span class='ocrx_word' id='word_1_145' title='bbox 136 2455 260 2541; x_wconf 83' lang='grc' dir='ltr'>Καῖσαρ</span> <span class='ocrx_word' id='word_1_146' title='bbox 290 2456 381 2531; x_wconf 73' lang='grc' dir='ltr'>αὐτὸς</span> <span class='ocrx_word' id='word_1_147' title='bbox 419 2457 500 2532; x_wconf 74' lang='grc' dir='ltr'>ἰδίας</span> <span class='ocrx_word' id='word_1_148' title='bbox 536 2459 657 2544; x_wconf 81' lang='grc' dir='ltr'>ἔχθρας</span> <span class='ocrx_word' id='word_1_149' title='bbox 692 2457 790 2522; x_wconf 72' lang='grc' dir='ltr'>οὐδενὶ</span> <span class='ocrx_word' id='word_1_150' title='bbox 828 2463 1008 2541; x_wconf 79' lang='grc' dir='ltr'>τοπαράπαν</span> <span class='ocrx_word' id='word_1_151' title='bbox 1042 2451 1302 2544; x_wconf 67' lang='grc' dir='ltr'>ἐμνησικὰκὴοε“,</span> 
     </span>
     <span class='ocr_line' id='line_1_19' title="bbox 134 2574 1305 2656; baseline 0 -22"><span class='ocrx_word' id='word_1_152' title='bbox 134 2574 250 2654; x_wconf 91' lang='lat' dir='ltr'>quibus</span> <span class='ocrx_word' id='word_1_153' title='bbox 289 2576 407 2650; x_wconf 89' lang='lat' dir='ltr'>verbis,</span> <span class='ocrx_word' id='word_1_154' title='bbox 448 2585 483 2638; x_wconf 93' lang='lat' dir='ltr'>ut</span> <span class='ocrx_word' id='word_1_155' title='bbox 510 2586 596 2638; x_wconf 89' lang='lat' dir='ltr'>recte</span> <span class='ocrx_word' id='word_1_156' title='bbox 621 2574 740 2637; x_wconf 89' lang='lat' dir='ltr'>Clason</span> <span class='ocrx_word' id='word_1_157' title='bbox 763 2575 783 2637; x_wconf 95' lang='lat' dir='ltr'>l.</span> <span class='ocrx_word' id='word_1_158' title='bbox 809 2575 828 2636; x_wconf 92' lang='lat' dir='ltr'>l.</span> <span class='ocrx_word' id='word_1_159' title='bbox 854 2596 884 2656; x_wconf 87' lang='lat' dir='ltr'>p.</span> <span class='ocrx_word' id='word_1_160' title='bbox 917 2593 937 2653; x_wconf 89' lang='lat'>9</span> <span class='ocrx_word' id='word_1_161' title='bbox 972 2575 1070 2650; x_wconf 87' lang='lat' dir='ltr'>dicit,</span> <span class='ocrx_word' id='word_1_162' title='bbox 1110 2595 1148 2635; x_wconf 89' lang='lat' dir='ltr'>ea</span> <span class='ocrx_word' id='word_1_163' title='bbox 1180 2574 1305 2636; x_wconf 89' lang='lat' dir='ltr'>videtur</span> 
     </span>
     <span class='ocr_line' id='line_1_20' title="bbox 134 2674 1307 2771; baseline 0.002 -22"><span class='ocrx_word' id='word_1_164' title='bbox 134 2674 326 2765; x_wconf 81' lang='lat' dir='ltr'>exornasse,</span> <span class='ocrx_word' id='word_1_165' title='bbox 359 2712 441 2771; x_wconf 88' lang='lat' dir='ltr'>quae</span> <span class='ocrx_word' id='word_1_166' title='bbox 453 2691 584 2753; x_wconf 87' lang='lat' dir='ltr'>Tacitus</span> <span class='ocrx_word' id='word_1_167' title='bbox 609 2692 680 2753; x_wconf 85' lang='lat' dir='ltr'>hist.</span> <span class='ocrx_word' id='word_1_168' title='bbox 699 2692 713 2752; x_wconf 85' lang='lat'>1</span> <span class='ocrx_word' id='word_1_169' title='bbox 738 2707 774 2771; x_wconf 90' lang='lat'>71</span> <span class='ocrx_word' id='word_1_170' title='bbox 803 2691 901 2752; x_wconf 90' lang='lat' dir='ltr'>tradit</span> <span class='ocrx_word' id='word_1_171' title='bbox 920 2690 1028 2752; x_wconf 91' lang='lat' dir='ltr'>»Otho</span> <span class='ocrx_word' id='word_1_172' title='bbox 1047 2691 1172 2753; x_wconf 88' lang='lat' dir='ltr'>interim</span> <span class='ocrx_word' id='word_1_173' title='bbox 1195 2699 1307 2752; x_wconf 90' lang='lat' dir='ltr'>contra</span> 
     </span>
     <span class='ocr_line' id='line_1_21' title="bbox 133 2806 1304 2888; baseline 0.002 -22"><span class='ocrx_word' id='word_1_174' title='bbox 133 2825 224 2886; x_wconf 88' lang='lat' dir='ltr'>spem</span> <span class='ocrx_word' id='word_1_175' title='bbox 254 2807 397 2868; x_wconf 89' lang='lat' dir='ltr'>omnium</span> <span class='ocrx_word' id='word_1_176' title='bbox 431 2827 495 2868; x_wconf 92' lang='lat' dir='ltr'>non</span> <span class='ocrx_word' id='word_1_177' title='bbox 519 2807 657 2882; x_wconf 88' lang='lat' dir='ltr'>deliciis,</span> <span class='ocrx_word' id='word_1_178' title='bbox 683 2827 786 2888; x_wconf 91' lang='lat' dir='ltr'>ncque</span> <span class='ocrx_word' id='word_1_179' title='bbox 810 2806 931 2868; x_wconf 91' lang='lat' dir='ltr'>desidia</span> <span class='ocrx_word' id='word_1_180' title='bbox 955 2815 1155 2886; x_wconf 74' lang='lat' dir='ltr'>torpescere»</span> <span class='ocrx_word' id='word_1_181' title='bbox 1183 2827 1209 2868; x_wconf 88' lang='lat' dir='ltr'>e.</span> <span class='ocrx_word' id='word_1_182' title='bbox 1228 2828 1258 2887; x_wconf 89' lang='lat' dir='ltr'>q.</span> <span class='ocrx_word' id='word_1_183' title='bbox 1280 2828 1304 2868; x_wconf 86' lang='lat' dir='ltr'>S.</span> 
     </span>
     <span class='ocr_line' id='line_1_22' title="bbox 133 2921 1303 3004; baseline 0.002 -22"><span class='ocrx_word' id='word_1_184' title='bbox 133 2921 175 2982; x_wconf 89' lang='lat' dir='ltr'>Et</span> <span class='ocrx_word' id='word_1_185' title='bbox 199 2931 234 2983; x_wconf 87' lang='lat' dir='ltr'>ut</span> <span class='ocrx_word' id='word_1_186' title='bbox 257 2922 385 2983; x_wconf 91' lang='lat' dir='ltr'>tertium</span> <span class='ocrx_word' id='word_1_187' title='bbox 410 2923 541 2984; x_wconf 79' lang='lat' dir='ltr'>afferam</span> <span class='ocrx_word' id='word_1_188' title='bbox 565 2923 759 3004; x_wconf 87' lang='lat' dir='ltr'>exemplum,</span> <span class='ocrx_word' id='word_1_189' title='bbox 785 2942 832 2995; x_wconf 90' lang='lat' dir='ltr'>ea,</span> <span class='ocrx_word' id='word_1_190' title='bbox 858 2943 940 3002; x_wconf 90' lang='lat' dir='ltr'>quac</span> <span class='ocrx_word' id='word_1_191' title='bbox 963 2921 1150 2984; x_wconf 88' lang='lat' dir='ltr'>Plutarchus</span> <span class='ocrx_word' id='word_1_192' title='bbox 1168 2921 1207 2984; x_wconf 91' lang='grc' dir='ltr'>Ο.</span> <span class='ocrx_word' id='word_1_193' title='bbox 1226 2923 1246 2983; x_wconf 90' lang='lat'>6</span> <span class='ocrx_word' id='word_1_194' title='bbox 1263 2923 1303 2984; x_wconf 93' lang='lat' dir='ltr'>de</span> 
     </span>
     <span class='ocr_line' id='line_1_23' title="bbox 133 3034 1304 3124; baseline 0.003 -27"><span class='ocrx_word' id='word_1_195' title='bbox 133 3035 273 3098; x_wconf 90' lang='lat' dir='ltr'>Othonis</span> <span class='ocrx_word' id='word_1_196' title='bbox 304 3037 436 3099; x_wconf 89' lang='lat' dir='ltr'>ducibus</span> <span class='ocrx_word' id='word_1_197' title='bbox 460 3038 569 3100; x_wconf 81' lang='lat' dir='ltr'>tradit:</span> <span class='ocrx_word' id='word_1_198' title='bbox 603 3036 702 3124; x_wconf 78' lang='grc' dir='ltr'>,,ἦοαν</span> <span class='ocrx_word' id='word_1_199' title='bbox 727 3037 760 3099; x_wconf 83' lang='grc' dir='ltr'>δὲ</span> <span class='ocrx_word' id='word_1_200' title='bbox 784 3041 837 3100; x_wconf 78' lang='grc' dir='ltr'>καὶ</span> <span class='ocrx_word' id='word_1_201' title='bbox 869 3040 906 3100; x_wconf 87' lang='grc' dir='ltr'>τὰ</span> <span class='ocrx_word' id='word_1_202' title='bbox 931 3036 1013 3100; x_wconf 80' lang='grc' dir='ltr'>ἄλλα</span> <span class='ocrx_word' id='word_1_203' title='bbox 1045 3048 1102 3100; x_wconf 85' lang='grc' dir='ltr'>τῶν</span> <span class='ocrx_word' id='word_1_204' title='bbox 1127 3034 1304 3101; x_wconf 77' lang='grc' dir='ltr'>Οὐϊτελλίου</span> 
     </span>
     <span class='ocr_line' id='line_1_24' title="bbox 134 3149 1303 3238; baseline 0 -24"><span class='ocrx_word' id='word_1_205' title='bbox 134 3163 307 3238; x_wconf 73' lang='grc' dir='ltr'>στρατηγῶν</span> <span class='ocrx_word' id='word_1_206' title='bbox 333 3149 361 3215; x_wconf 81' lang='grc' dir='ltr'>οἱ</span> <span class='ocrx_word' id='word_1_207' title='bbox 384 3150 530 3224; x_wconf 75' lang='grc' dir='ltr'>Ὄθωνος</span> <span class='ocrx_word' id='word_1_208' title='bbox 554 3150 686 3237; x_wconf 81' lang='grc' dir='ltr'>ἐντυχεῖν</span> <span class='ocrx_word' id='word_1_209' title='bbox 712 3149 893 3236; x_wconf 82' lang='grc' dir='ltr'>ἀλυπότεροι</span> <span class='ocrx_word' id='word_1_210' title='bbox 916 3155 970 3216; x_wconf 80' lang='grc' dir='ltr'>καὶ</span> <span class='ocrx_word' id='word_1_211' title='bbox 997 3154 1104 3216; x_wconf 88' lang='grc' dir='ltr'>πόλεσι</span> <span class='ocrx_word' id='word_1_212' title='bbox 1134 3156 1187 3215; x_wconf 83' lang='grc' dir='ltr'>καὶ</span> <span class='ocrx_word' id='word_1_213' title='bbox 1219 3150 1303 3215; x_wconf 80' lang='grc' dir='ltr'>ἰδιώ-</span> 
     </span>
     <span class='ocr_line' id='line_1_25' title="bbox 131 3267 1306 3354; baseline 0 -24"><span class='ocrx_word' id='word_1_214' title='bbox 131 3277 229 3343; x_wconf 83' lang='grc' dir='ltr'>ταις“,</span> <span class='ocrx_word' id='word_1_215' title='bbox 255 3267 374 3330; x_wconf 90' lang='lat' dir='ltr'>Clason</span> <span class='ocrx_word' id='word_1_216' title='bbox 397 3269 428 3354; x_wconf 82' lang='lat' dir='ltr'>(l.</span> <span class='ocrx_word' id='word_1_217' title='bbox 451 3269 471 3331; x_wconf 94' lang='lat' dir='ltr'>l.</span> <span class='ocrx_word' id='word_1_218' title='bbox 498 3290 527 3350; x_wconf 90' lang='lat' dir='ltr'>p.</span> <span class='ocrx_word' id='word_1_219' title='bbox 557 3282 594 3347; x_wconf 84' lang='lat'>52</span> <span class='ocrx_word' id='word_1_220' title='bbox 620 3289 692 3330; x_wconf 89' lang='lat' dir='ltr'>ann.</span> <span class='ocrx_word' id='word_1_221' title='bbox 719 3268 749 3351; x_wconf 79' lang='lat'>2)</span> <span class='ocrx_word' id='word_1_222' title='bbox 774 3278 859 3331; x_wconf 89' lang='lat' dir='ltr'>recte</span> <span class='ocrx_word' id='word_1_223' title='bbox 882 3278 1053 3350; x_wconf 88' lang='lat' dir='ltr'>propterea</span> <span class='ocrx_word' id='word_1_224' title='bbox 1071 3290 1144 3330; x_wconf 87' lang='lat' dir='ltr'>eum</span> <span class='ocrx_word' id='word_1_225' title='bbox 1160 3269 1306 3330; x_wconf 85' lang='lat' dir='ltr'>attulisse</span> 
     </span>
     <span class='ocr_line' id='line_1_26' title="bbox 130 3383 1296 3464; baseline 0.002 -21"><span class='ocrx_word' id='word_1_226' title='bbox 130 3385 256 3444; x_wconf 89' lang='lat' dir='ltr'>videtur</span> <span class='ocrx_word' id='word_1_227' title='bbox 276 3384 434 3464; x_wconf 89' lang='lat' dir='ltr'>judicare,</span> <span class='ocrx_word' id='word_1_228' title='bbox 472 3394 507 3446; x_wconf 93' lang='lat' dir='ltr'>ut</span> <span class='ocrx_word' id='word_1_229' title='bbox 530 3385 609 3446; x_wconf 88' lang='lat' dir='ltr'>haec</span> <span class='ocrx_word' id='word_1_230' title='bbox 633 3386 680 3459; x_wconf 90' lang='lat' dir='ltr'>iis,</span> <span class='ocrx_word' id='word_1_231' title='bbox 706 3405 789 3464; x_wconf 91' lang='lat' dir='ltr'>quae</span> <span class='ocrx_word' id='word_1_232' title='bbox 812 3385 852 3446; x_wconf 88' lang='lat' dir='ltr'>de</span> <span class='ocrx_word' id='word_1_233' title='bbox 877 3383 1014 3447; x_wconf 85' lang='lat' dir='ltr'>Caecina</span> <span class='ocrx_word' id='word_1_234' title='bbox 1038 3385 1215 3446; x_wconf 87' lang='lat' dir='ltr'>Vitelliano</span> <span class='ocrx_word' id='word_1_235' title='bbox 1240 3384 1296 3445; x_wconf 88' lang='lat' dir='ltr'>Ta-</span> 
     </span>
     <span class='ocr_line' id='line_1_27' title="bbox 135 3498 1302 3584; baseline 0 -24"><span class='ocrx_word' id='word_1_236' title='bbox 135 3500 218 3560; x_wconf 88' lang='lat' dir='ltr'>citus</span> <span class='ocrx_word' id='word_1_237' title='bbox 242 3498 315 3560; x_wconf 90' lang='lat' dir='ltr'>hist.</span> <span class='ocrx_word' id='word_1_238' title='bbox 341 3501 429 3560; x_wconf 76' lang='lat'><em>1120</em></span> <span class='ocrx_word' id='word_1_239' title='bbox 452 3502 564 3584; x_wconf 82' lang='lat' dir='ltr'>(aeque</span> <span class='ocrx_word' id='word_1_240' title='bbox 588 3521 626 3561; x_wconf 92' lang='lat' dir='ltr'>ac</span> <span class='ocrx_word' id='word_1_241' title='bbox 647 3499 833 3561; x_wconf 89' lang='lat' dir='ltr'>Plutarchus</span> <span class='ocrx_word' id='word_1_242' title='bbox 857 3501 876 3561; x_wconf 91' lang='lat' dir='ltr'>l.</span> <span class='ocrx_word' id='word_1_243' title='bbox 901 3500 934 3580; x_wconf 77' lang='lat' dir='ltr'>l.)</span> <span class='ocrx_word' id='word_1_244' title='bbox 958 3499 1088 3581; x_wconf 84' lang='lat' dir='ltr'>profert,</span> <span class='ocrx_word' id='word_1_245' title='bbox 1114 3509 1302 3583; x_wconf 89' lang='lat' dir='ltr'>opponeret.</span> 
     </span>
     <span class='ocr_line' id='line_1_28' title="bbox 129 3614 1303 3696; baseline 0.001 -21"><span class='ocrx_word' id='word_1_246' title='bbox 129 3615 266 3675; x_wconf 91' lang='lat' dir='ltr'>Possum</span> <span class='ocrx_word' id='word_1_247' title='bbox 291 3615 398 3676; x_wconf 91' lang='lat' dir='ltr'>multis</span> <span class='ocrx_word' id='word_1_248' title='bbox 434 3616 503 3677; x_wconf 89' lang='lat' dir='ltr'>aliis</span> <span class='ocrx_word' id='word_1_249' title='bbox 527 3616 684 3696; x_wconf 87' lang='lat' dir='ltr'>exemplis</span> <span class='ocrx_word' id='word_1_250' title='bbox 716 3614 799 3676; x_wconf 88' lang='lat' dir='ltr'>hanc</span> <span class='ocrx_word' id='word_1_251' title='bbox 822 3635 889 3676; x_wconf 89' lang='lat' dir='ltr'>rem</span> <span class='ocrx_word' id='word_1_252' title='bbox 913 3616 1140 3696; x_wconf 89' lang='lat' dir='ltr'>comprobare,</span> <span class='ocrx_word' id='word_1_253' title='bbox 1177 3617 1233 3677; x_wconf 87' lang='lat' dir='ltr'>sed</span> <span class='ocrx_word' id='word_1_254' title='bbox 1256 3637 1303 3689; x_wconf 92' lang='lat' dir='ltr'>ea,</span> 
     </span>
     <span class='ocr_line' id='line_1_29' title="bbox 129 3729 1304 3812; baseline 0.003 -23"><span class='ocrx_word' id='word_1_255' title='bbox 129 3730 338 3809; x_wconf 84' lang='lat' dir='ltr'>quaeattuli,</span> <span class='ocrx_word' id='word_1_256' title='bbox 363 3730 509 3792; x_wconf 81' lang='lat' dir='ltr'>sufficere</span> <span class='ocrx_word' id='word_1_257' title='bbox 534 3731 694 3792; x_wconf 86' lang='lat' dir='ltr'>existimo</span> <span class='ocrx_word' id='word_1_258' title='bbox 743 3729 794 3791; x_wconf 84' lang='lat' dir='ltr'>Ac</span> <span class='ocrx_word' id='word_1_259' title='bbox 817 3751 856 3792; x_wconf 92' lang='lat' dir='ltr'>ne</span> <span class='ocrx_word' id='word_1_260' title='bbox 880 3731 918 3792; x_wconf 93' lang='lat' dir='ltr'>iis</span> <span class='ocrx_word' id='word_1_261' title='bbox 941 3731 1071 3812; x_wconf 87' lang='lat' dir='ltr'>quidem</span> <span class='ocrx_word' id='word_1_262' title='bbox 1096 3732 1188 3806; x_wconf 93' lang='lat' dir='ltr'>locis,</span> <span class='ocrx_word' id='word_1_263' title='bbox 1223 3752 1304 3811; x_wconf 91' lang='lat' dir='ltr'>quos</span> 
     </span>
    </p>
   </div>
   <div class='ocr_carea' id='block_1_5' title="bbox 128 3882 343 3890">
    <p class='ocr_par' dir='ltr' id='par_1_5' title="bbox 128 3882 343 3890">
     <span class='ocr_line' id='line_1_30' title="bbox 128 3882 343 3890; baseline 0.019 -3"><span class='ocrx_word' id='word_1_264' title='bbox 128 3882 343 3890; x_wconf 62' lang='grc' dir='ltr'>--η</span> 
     </span>
    </p>
   </div>
   <div class='ocr_carea' id='block_1_6' title="bbox 124 3948 1304 4309">
    <p class='ocr_par' dir='ltr' id='par_1_6' title="bbox 124 3948 1304 4309">
     <span class='ocr_line' id='line_1_31' title="bbox 200 3948 1303 4018; baseline -0.001 -16"><span class='ocrx_word' id='word_1_265' title='bbox 200 3948 232 4018; x_wconf 70' lang='lat'>⁵²)</span> <span class='ocrx_word' id='word_1_266' title='bbox 253 3955 318 4002; x_wconf 86' lang='lat' dir='ltr'>Sane</span> <span class='ocrx_word' id='word_1_267' title='bbox 338 3954 477 4002; x_wconf 89' lang='lat' dir='ltr'>Mommsen</span> <span class='ocrx_word' id='word_1_268' title='bbox 496 3954 560 4015; x_wconf 89' lang='lat' dir='ltr'>hoc,</span> <span class='ocrx_word' id='word_1_269' title='bbox 588 3969 739 4017; x_wconf 85' lang='lat' dir='ltr'>quamquam</span> <span class='ocrx_word' id='word_1_270' title='bbox 758 3952 816 4001; x_wconf 87' lang='lat' dir='ltr'>satis</span> <span class='ocrx_word' id='word_1_271' title='bbox 835 3959 946 4015; x_wconf 84' lang='lat' dir='ltr'>apertum</span> <span class='ocrx_word' id='word_1_272' title='bbox 965 3951 1074 4012; x_wconf 86' lang='lat' dir='ltr'>videtur,</span> <span class='ocrx_word' id='word_1_273' title='bbox 1103 3967 1154 4000; x_wconf 90' lang='lat' dir='ltr'>non</span> <span class='ocrx_word' id='word_1_274' title='bbox 1172 3952 1303 4001; x_wconf 88' lang='lat' dir='ltr'>intellexit.</span> 
     </span>
     <span class='ocr_line' id='line_1_32' title="bbox 126 4049 1301 4118; baseline 0 -20"><span class='ocrx_word' id='word_1_275' title='bbox 126 4051 195 4098; x_wconf 90' lang='lat' dir='ltr'>Dicit</span> <span class='ocrx_word' id='word_1_276' title='bbox 206 4050 273 4098; x_wconf 88' lang='lat' dir='ltr'>enim</span> <span class='ocrx_word' id='word_1_277' title='bbox 287 4051 314 4118; x_wconf 88' lang='lat' dir='ltr'>(l.</span> <span class='ocrx_word' id='word_1_278' title='bbox 329 4051 345 4100; x_wconf 89' lang='lat' dir='ltr'>l.</span> <span class='ocrx_word' id='word_1_279' title='bbox 359 4067 383 4114; x_wconf 87' lang='lat' dir='ltr'>p.</span> <span class='ocrx_word' id='word_1_280' title='bbox 398 4049 460 4116; x_wconf 82' lang='lat'>309)</span> <span class='ocrx_word' id='word_1_281' title='bbox 472 4069 477 4099; x_wconf 88' lang='lat'>:</span> <span class='ocrx_word' id='word_1_282' title='bbox 502 4050 631 4100; x_wconf 73' lang='lat' dir='ltr'>»Plutarch</span> <span class='ocrx_word' id='word_1_283' title='bbox 645 4050 710 4099; x_wconf 76' lang='lat' dir='ltr'>fahrt</span> <span class='ocrx_word' id='word_1_284' title='bbox 723 4050 779 4111; x_wconf 84' lang='lat' dir='ltr'>fort,</span> <span class='ocrx_word' id='word_1_285' title='bbox 801 4050 857 4099; x_wconf 89' lang='lat' dir='ltr'>dass</span> <span class='ocrx_word' id='word_1_286' title='bbox 875 4050 915 4100; x_wconf 86' lang='lat' dir='ltr'>die</span> <span class='ocrx_word' id='word_1_287' title='bbox 928 4049 1066 4099; x_wconf 88' lang='lat' dir='ltr'>Geschosse</span> <span class='ocrx_word' id='word_1_288' title='bbox 1085 4051 1128 4098; x_wconf 90' lang='lat' dir='ltr'>der</span> <span class='ocrx_word' id='word_1_289' title='bbox 1146 4050 1301 4099; x_wconf 82' lang='lat' dir='ltr'>Othonianer</span> 
     </span>
     <span class='ocr_line' id='line_1_33' title="bbox 125 4143 1304 4212; baseline 0 -16"><span class='ocrx_word' id='word_1_290' title='bbox 125 4149 215 4197; x_wconf 85' lang='lat' dir='ltr'>Nichts</span> <span class='ocrx_word' id='word_1_291' title='bbox 226 4149 364 4212; x_wconf 83' lang='lat' dir='ltr'>gefruchtet</span> <span class='ocrx_word' id='word_1_292' title='bbox 377 4148 474 4208; x_wconf 72' lang='lat' dir='ltr'>hatten,</span> <span class='ocrx_word' id='word_1_293' title='bbox 496 4149 531 4197; x_wconf 87' lang='lat' dir='ltr'>sie</span> <span class='ocrx_word' id='word_1_294' title='bbox 549 4143 634 4197; x_wconf 70' lang='lat' dir='ltr'>hatten</span> <span class='ocrx_word' id='word_1_295' title='bbox 654 4149 712 4196; x_wconf 89' lang='lat' dir='ltr'>aber</span> <span class='ocrx_word' id='word_1_296' title='bbox 731 4148 821 4196; x_wconf 82' lang='lat' dir='ltr'>darauf</span> <span class='ocrx_word' id='word_1_297' title='bbox 836 4148 913 4196; x_wconf 92' lang='lat' dir='ltr'>durch</span> <span class='ocrx_word' id='word_1_298' title='bbox 932 4148 1041 4196; x_wconf 76' lang='lat' dir='ltr'>brander</span> <span class='ocrx_word' id='word_1_299' title='bbox 1067 4147 1106 4196; x_wconf 89' lang='lat' dir='ltr'>die</span> <span class='ocrx_word' id='word_1_300' title='bbox 1132 4148 1304 4196; x_wconf 83' lang='lat' dir='ltr'>Schiflbrticke</span> 
     </span>
     <span class='ocr_line' id='line_1_34' title="bbox 124 4226 1304 4309; baseline 0 -15"><span class='ocrx_word' id='word_1_301' title='bbox 124 4226 281 4309; x_wconf 82' lang='lat' dir='ltr'>angezttndet</span> <span class='ocrx_word' id='word_1_302' title='bbox 300 4246 350 4294; x_wconf 93' lang='lat' dir='ltr'>und</span> <span class='ocrx_word' id='word_1_303' title='bbox 369 4245 408 4294; x_wconf 92' lang='lat' dir='ltr'>die</span> <span class='ocrx_word' id='word_1_304' title='bbox 427 4246 528 4308; x_wconf 86' lang='lat' dir='ltr'>Gegner</span> <span class='ocrx_word' id='word_1_305' title='bbox 546 4245 590 4293; x_wconf 88' lang='lat' dir='ltr'>mit</span> <span class='ocrx_word' id='word_1_306' title='bbox 608 4246 706 4294; x_wconf 89' lang='lat' dir='ltr'>Verlust</span> <span class='ocrx_word' id='word_1_307' title='bbox 726 4246 776 4294; x_wconf 89' lang='lat' dir='ltr'>und</span> <span class='ocrx_word' id='word_1_308' title='bbox 795 4245 911 4309; x_wconf 90' lang='lat' dir='ltr'>Schimps</span> <span class='ocrx_word' id='word_1_309' title='bbox 926 4245 1151 4309; x_wconf 77' lang='lat' dir='ltr'>zurtlclrgetrieben.</span> <span class='ocrx_word' id='word_1_310' title='bbox 1182 4245 1304 4294; x_wconf 80' lang='lat' dir='ltr'>Offenbar</span> 
     </span>
    </p>
   </div>
   <div class='ocr_carea' id='block_1_7' title="bbox 123 4343 624 4508">
    <p class='ocr_par' dir='ltr' id='par_1_7' title="bbox 123 4343 624 4508">
     <span class='ocr_line' id='line_1_35' title="bbox 123 4343 624 4406; baseline 0 -16"><span class='ocrx_word' id='word_1_311' title='bbox 123 4343 157 4392; x_wconf 91' lang='lat' dir='ltr'>ist</span> <span class='ocrx_word' id='word_1_312' title='bbox 177 4343 229 4392; x_wconf 88' lang='lat' dir='ltr'>dies</span> <span class='ocrx_word' id='word_1_313' title='bbox 248 4343 287 4392; x_wconf 90' lang='lat' dir='ltr'>bei</span> <span class='ocrx_word' id='word_1_314' title='bbox 309 4343 409 4395; x_wconf 86' lang='lat' dir='ltr'>Tacitus</span> <span class='ocrx_word' id='word_1_315' title='bbox 428 4343 624 4406; x_wconf 80' lang='lat' dir='ltr'>weggelassen.‹</span> 
     </span>
     <span class='ocr_line' id='line_1_36' title="bbox 199 4439 563 4508; baseline 0.003 -18"><span class='ocrx_word' id='word_1_316' title='bbox 199 4439 232 4508; x_wconf 75' lang='lat'>⁵³)</span> <span class='ocrx_word' id='word_1_317' title='bbox 252 4441 284 4493; x_wconf 85' lang='lat' dir='ltr'>cs.</span> <span class='ocrx_word' id='word_1_318' title='bbox 306 4442 398 4491; x_wconf 79' lang='lat' dir='ltr'>Clason</span> <span class='ocrx_word' id='word_1_319' title='bbox 418 4440 434 4489; x_wconf 94' lang='lat' dir='ltr'>l.</span> <span class='ocrx_word' id='word_1_320' title='bbox 456 4441 473 4489; x_wconf 91' lang='lat' dir='ltr'>l.</span> <span class='ocrx_word' id='word_1_321' title='bbox 493 4457 517 4504; x_wconf 94' lang='lat' dir='ltr'>p.</span> <span class='ocrx_word' id='word_1_322' title='bbox 538 4441 563 4491; x_wconf 90' lang='lat'>8.</span> 
     </span>
    </p>
   </div>
   <div class='ocr_carea' id='block_1_8' title="bbox 0 0 1614 5058">
    <p class='ocr_par' dir='ltr' id='par_1_8' title="bbox 0 0 1614 5058">
     <span class='ocr_line' id='line_1_37' title="bbox 0 0 1614 5058; baseline 0 6"><span class='ocrx_word' id='word_1_323' title='bbox 0 0 1614 5058; x_wconf 95' lang='lat' dir='ltr'> </span> 
     </span>
    </p>
   </div>
  </div>
 </body>
</html>
