3218 5058
1301 429 1340 494 11

173 618 382 683 abhorrentes
413 621 441 683 ei
472 621 643 684 adhibendi
676 633 791 686 essent.
846 623 911 687 Sed
941 645 981 686 ne
1008 625 1071 688 hoc
1101 627 1245 707 quidem,
1282 626 1342 689 etsi

173 755 237 798 non
261 737 392 799 minoris
416 738 541 800 videtur
564 741 720 807 momenti
735 759 822 814 esse,
848 761 946 821 quam
976 761 1059 822 quae
1083 762 1101 803 a
1125 739 1342 804 Mommsenio

173 853 349 934 ceterisque
372 853 413 915 ad
436 855 629 916 contrariam
654 852 839 936 opinionem
868 855 1101 918 defendendam
1130 857 1341 938 proferuntur,

173 967 249 1030 satis
266 968 392 1030 firmum
409 990 478 1032 esse
494 969 592 1032 libere
613 970 767 1033 concedo
785 973 959 1053 —Longe
983 981 1091 1034 autem
1114 973 1220 1049 aliam,
1245 994 1342 1055 quam

173 1083 354 1146 Mommsen
377 1086 546 1167 ceterique,
571 1088 762 1149 sententiam
786 1087 948 1168 professus
972 1097 1021 1150 est
1037 1087 1165 1164 Clason,
1190 1090 1242 1170 qui
1261 1089 1291 1174 (l.
1311 1089 1343 1172 l.)

172 1198 375 1262 Plutarchum
409 1199 533 1264 Galbae
563 1210 596 1264 et
634 1201 774 1265 Othonis
805 1203 887 1265 vitas
915 1212 991 1285 post
1020 1203 1148 1266 annum'
1174 1221 1235 1266 110
1269 1225 1342 1266 con-

173 1315 336 1396 scripsisse
352 1318 624 1399 suspicaturnullo
635 1327 825 1399 argumento
838 1339 879 1380 ex
892 1320 961 1401 ipsa
969 1340 1002 1381 re
1013 1321 1125 1402 petito,
1139 1321 1195 1382 sed
1203 1320 1344 1382 Hirzelio

173 1432 243 1493 solo
266 1441 397 1495 auctore
419 1434 519 1509 nisus,
552 1435 641 1515 cujus
664 1434 762 1496 verba
784 1455 849 1496 non
873 1444 959 1497 recte
982 1437 1107 1498 videtur
1137 1436 1341 1499 intellexisse.

173 1546 280 1609 Hirzel
304 1547 388 1609 enim
413 1549 490 1611 nihil
514 1550 599 1611 aliud
622 1551 803 1626 contendit,
836 1571 934 1632 quam
957 1560 1032 1612 ante
1055 1571 1174 1613 annum
1202 1564 1262 1641 115*
1286 1551 1344 1614 has

173 1664 255 1725 vitas
285 1665 484 1746 compositas
519 1686 596 1728 esse.
621 1703 665 1711 -
696 1664 778 1728 Cum
808 1686 885 1728 vero
918 1667 1038 1728 nullum
1072 1668 1204 1729 omnino
1238 1676 1345 1730 exstet

174 1779 332 1842 Plutarchi
349 1801 440 1862 opus,
466 1782 553 1862 quod
577 1791 651 1844 ante
667 1781 846 1844 Domitiani
871 1791 1009 1844 mortem'
1033 1783 1248 1864 compositum
1274 1803 1344 1845 esse

173 1897 383 1958 demonstrari
407 1905 531 1978 potest,
557 1917 694 1978 cumque
716 1896 912 1960 Graecorum
938 1898 1142 1980 popularium
1164 1898 1248 1961 vitas
1270 1919 1344 1961 cum

173 2013 395 2074 Romanorum
411 2014 485 2075 vitis
501 2015 736 2095 comparandas
752 2015 779 2076 ei
803 2015 890 2095 prius
914 2035 948 2076 se
972 2015 1127 2077 obtulisse
1150 2015 1342 2089 existimem,

173 2149 270 2209 quam
300 2129 530 2211 imperatorum
553 2129 784 2204 Romanorum,
809 2168 853 2175 —
885 2151 950 2212 quo
983 2132 1107 2193 accedit
1130 2131 1184 2192 illa
1215 2151 1344 2212 quoque

173 2264 285 2306 caussa
309 2244 408 2306 modo
432 2246 474 2330 (p.
504 2243 554 2328 10)
578 2244 677 2320 allata
700 2283 744 2291 —
773 2246 945 2308 verisimile
973 2246 1050 2308 mihi
1075 2247 1200 2309 videtur
1222 2245 1342 2308 Plutar-

173 2360 269 2422 chum
293 2361 458 2443 aliquanto
490 2370 565 2443 post
588 2361 739 2423 Tacitum
767 2360 892 2424 Galbae
920 2371 953 2424 et
984 2361 1124 2425 Othonis
1152 2365 1235 2424 vitas
1259 2382 1344 2424 com·

173 2477 327 2558 posuisse.
376 2477 472 2558 Quod
496 2498 535 2539 ea
558 2498 687 2559 quoque
710 2498 742 2539 re
765 2478 910 2559 probari,
945 2477 1033 2559 quod
1061 2479 1167 2560 ipsum
1192 2478 1341 2540 Tacitum

173 2592 360 2656 Plutarchus
376 2594 614 2658 accuratissime
630 2603 757 2656 secutus
769 2595 915 2656 videatur
927 2615 1005 2669 esse,
1024 2602 1138 2676 postea
1157 2593 1344 2657 conabimur

172 2710 402 2772 demonstrare.
427 2748 471 2756 -

258 2825 329 2907 Jam
352 2845 439 2901 vero,
464 2827 649 2908 priusquam
672 2827 713 2888 ad
736 2846 927 2889 consensum
951 2827 1032 2888 inter
1048 2815 1197 2889 Tacitum
1221 2835 1253 2888 et
1276 2826 1344 2888 Plu-

174 2941 321 3003 tarchum
344 2941 572 3024 explicandum
596 2952 815 3017 transeamus,
853 2964 891 3005 ea
924 2942 1132 3024 pronuntiare
1167 2943 1198 3003 in
1234 2943 1343 3004 animo

173 3066 230 3132 est,
257 3058 297 3118 de
320 3058 435 3139 quibus
459 3078 500 3119 ex
526 3079 597 3120 mea
627 3059 757 3139 quidem
788 3059 945 3120 sententia
976 3078 1087 3132 nemo,
1120 3058 1174 3138 qui
1205 3057 1287 3120 hanc
1311 3059 1344 3120 in

173 3194 240 3236 rem
256 3175 433 3236 accuratius
452 3174 657 3255 inquisiverit,
682 3174 829 3237 dubitare
851 3175 979 3256 poterit,
1005 3183 1039 3236 ut
1062 3173 1094 3235 in
1118 3175 1212 3236 certis
1237 3173 1343 3236 lunda·

173 3291 290 3352 mentis
325 3289 506 3352 aedificium
546 3299 691 3352 nostrum
723 3300 888 3352 exstruere
923 3291 1093 3372 possimus.
1129 3328 1173 3336 —
1201 3291 1342 3351 Primum

173 3407 257 3468 enim
281 3426 340 3488 pro
371 3413 459 3468 certo
489 3407 564 3468 licet
593 3405 753 3468 affirmare
776 3406 980 3469 Plutarchum
1011 3407 1043 3468 in
1067 3407 1141 3468 vitis
1165 3404 1289 3468 Galbae
1312 3415 1345 3468 et

173 3522 313 3585 Othonis
337 3523 569 3604 componendis
598 3560 642 3567 —
672 3524 817 3603 exceptis
845 3525 882 3584 18
907 3521 1065 3604 prioribus
1089 3521 1213 3585 Galbae
1236 3523 1344 3603 capiti-

173 3638 232 3700 bus
255 3677 300 3684 —-
323 3659 419 3700 unum
444 3647 585 3712 tantum,
611 3639 637 3700 si
661 3637 702 3700 ad
725 3657 886 3701 summam
910 3647 1109 3719 spectamus,
1145 3637 1268 3700 fontem
1291 3637 1344 3700 ad·

172 3753 312 3816 hibuisse
328 3755 413 3839 (nam
430 3754 589 3816 interdum
606 3754 732 3816 aliunde
760 3775 890 3837 quoque
913 3755 1080 3816 materiam
1105 3774 1178 3816 eum
1202 3754 1346 3816 hausisse

172 3881 287 3952 postea
310 3870 530 3954 exponemus).
568 3872 665 3952 Quod
689 3892 731 3934 ex
754 3872 823 3952 ipsa
847 3891 885 3932 ea
908 3891 942 3931 re
966 3871 1033 3932 sine
1057 3869 1121 3932 ulla
1145 3870 1345 3933 dubitatione

172 3986 281 4068 colligi
305 3996 430 4068 potest,
456 3986 557 4068 quod,
590 3996 744 4069 utsupra
768 3987 923 4061 diximus,
949 3993 1017 4047 tarn
1042 3995 1189 4048 accurate
1213 3996 1344 4067 tamque

172 4123 269 4184 saepe
292 4122 365 4164 cum
390 4102 505 4165 Tacito
529 4103 685 4183 congruit.
734 4102 840 4183 Quem
870 4122 1075 4177 consensum,
1108 4103 1134 4164 si
1157 4101 1345 4164 Plutarchus

172 4218 391 4306 compluribus
426 4218 544 4300 pariter
579 4218 721 4281 fontibus
756 4239 830 4280 usus
861 4227 961 4293 esset,
996 4225 1124 4280 exstare
1152 4236 1217 4279 non
1248 4237 1345 4299 posse

173 4334 265 4398 facile
287 4337 422 4418 quisque
445 4335 615 4410 concedet;
647 4334 734 4396 nullo
758 4335 843 4396 enim
866 4334 931 4396 alio
955 4335 1070 4409 modo,
1095 4335 1122 4396 si
1146 4333 1210 4396 hoc
1233 4353 1344 4395 verum

172 4462 270 4528 esset,
302 4470 428 4516 summa
458 4451 512 4513 illa
535 4451 711 4513 similitudo
734 4458 863 4532 poterat
886 4450 1056 4532 explicari,
1093 4469 1190 4531 quam
1214 4449 1275 4523 ita,
1309 4457 1345 4510 ut
