3218 5058
239 412 284 503 42'

244 644 354 718 aperte
378 636 621 698 demonstretur.
659 636 799 696 Primum
824 636 909 696 enim
926 635 994 716 jam
1011 635 1053 696 D.
1071 632 1286 715 Detlefsensst)
1311 644 1412 696 osten-

239 753 286 814 dit
324 761 448 813 tantum
487 753 616 824 abesse,
658 761 692 814 ut
725 751 830 812 Taciti
868 751 1020 812 historiae
1058 771 1132 812 cum
1162 751 1252 812 Plinii
1277 751 1412 812 naturali

239 865 371 929 historia
402 879 629 948 congruerent,
663 877 698 928 ut
731 863 879 928 omnibus
911 866 975 929 lere
999 867 1093 941 lociS,
1135 867 1249 947 quibus
1281 865 1412 928 Tacitus

243 983 294 1044 vel
325 984 356 1044 in
391 981 557 1044 annalibus
588 983 638 1043 vel
670 983 701 1044 in
733 983 874 1044 historiis
898 984 1029 1044 easdem
1045 992 1317 1044 commemoraret
1347 1003 1406 1055 reS,

239 1121 319 1180 quas
343 1099 462 1160 Plinius
486 1099 517 1159 in
550 1098 686 1159 naturali
721 1095 853 1159 historia
884 1100 1076 1178 attingeret,
1118 1108 1172 1160 aut
1207 1099 1412 1160 dissentirent

238 1217 410 1296 scriptores
446 1223 501 1276 aut
542 1234 606 1275 non
642 1222 810 1295 tantopere
841 1216 1066 1289 consentirent,
1093 1225 1127 1276 ut
1161 1213 1269 1294 colligi
1301 1223 1411 1295 posset

238 1331 374 1392 eundem
399 1329 494 1391 fuisse
530 1340 694 1391 auctorem
730 1330 827 1392 sontis
857 1330 962 1392 Taciti
997 1340 1029 1391 et
1064 1331 1217 1392 naturalis
1248 1331 1408 1392 historiae.

239 1447 334 1509 Unde
367 1456 452 1508 recte
483 1446 559 1507 mihi
595 1447 720 1507 videtur
749 1445 915 1507 Detlessen
945 1446 1088 1508 effecisse
1127 1448 1299 1508 verisimile
1343 1467 1411 1508 esse

238 1561 341 1627 Taciti
365 1563 528 1636 historias,¹
549 1563 702 1642 quoniam
725 1581 799 1622 cum
811 1561 901 1638 Plinii
926 1562 1062 1624 naturali
1086 1561 1219 1624 historia
1248 1583 1312 1624 non
1337 1583 1407 1624 con·

237 1687 396 1759 gruerent‚
421 1699 461 1739 ne
485 1699 557 1739 cum
581 1678 721 1738 historiis
750 1678 879 1757 quidem
904 1678 1046 1758 ejusdem
1079 1678 1174 1760 plane
1197 1679 1406 1740 consensisse.

237 1793 322 1856 Nam
346 1815 418 1854 cum
442 1794 560 1855 Plinius
584 1794 616 1853 in
639 1792 774 1854 naturali
791 1792 924 1854 historia
948 1795 1173 1874 componenda
1205 1795 1242 1855 iis
1278 1796 1408 1876 scripto·

238 1911 333 1985 ribus,
359 1911 413 1990 qui
438 1909 580 1989 ejusdem
604 1917 702 1988 atque
726 1910 795 1990 ipse
808 1911 962 1990 temporis
985 1901 1220 1991 descripserant
1230 1910 1406 1984 historiam,

238 2048 311 2088 usus
336 2045 400 2087 non
425 2035 509 2086 esset
541 2044 673 2085 —non
697 2025 781 2086 enim
805 2046 861 2086 eos
896 2046 966 2086 esse
1001 2047 1043 2086 ex
1081 2046 1214 2087 numero
1262 2025 1406 2100 fontium,

238 2163 319 2222 quos
361 2161 473 2202 omnes
502 2141 555 2201 ille
593 2140 720 2201 afferret
756 2178 809 2215 -‚
849 2150 961 2203 contra
1003 2163 1076 2203 suas
1124 2143 1222 2223 ipsius
1243 2142 1409 2204 'historias

237 2247 286 2320 bis
310 2256 432 2318 fontem
456 2256 609 2330 laudaret,
635 2257 773 2318 dubitari
805 2259 861 2318 vix
885 2278 990 2338 posse,
1016 2258 1092 2337 quin
1116 2258 1165 2319 his
1195 2279 1271 2319 usus
1306 2268 1406 2332 esset;
1442 2247 1444 2250 ⁵

238 2393 300 2454 qua
323 2373 365 2434 de
388 2393 500 2433 caussa
530 2392 733 2452 nequaquam
762 2373 940 2452 putandum
964 2394 1034 2434 esse
1065 2375 1105 2434 de
1129 2373 1167 2434 iis
1192 2375 1294 2448 rebus
1330 2395 1408 2454 quas

238 2499 270 2550 et
293 2489 324 2550 in
351 2488 492 2549 historiis
515 2497 547 2549 et
571 2489 603 2548 in
630 2489 765 2548 naturali
796 2489 928 2550 historia
951 2485 1262 2564 commemorasset,
1292 2491 1408 2551 dissen-

236 2624 307 2665 sum
329 2605 410 2665 inter
441 2604 521 2664 duos
545 2604 617 2664 illos
640 2603 738 2665 libros
770 2602 874 2666 fuisse.
911 2641 952 2651 -
985 2605 1040 2666 Ad
1071 2607 1158 2686 quod
1184 2616 1407 2686 argumentum

236 2721 313 2782 satis
330 2719 456 2781 firmum
480 2721 636 2780 accedunt
652 2719 733 2780 aliae
748 2740 889 2793 caussae,
914 2721 1028 2800 quibus
1048 2730 1158 2802 aperte
1174 2722 1410 2783 demonstratur

236 2856 418 2917 perversam
443 2856 511 2896 esse
535 2835 672 2896 Nissenii
703 2836 896 2924 opinionem.
949 2837 1046 2916 Quod
1063 2837 1167 2900 velex
1180 2859 1243 2899 uno
1256 2838 1311 2899 illo
1324 2838 1406 2911 loco,

236 2951 289 3014 ubi
314 2951 445 3012 Tacitus
469 2952 500 3012 in
523 2949 663 3013 historiis
690 2950 825 3012 Plinium
850 2961 1013 3014 auctorem
1037 2953 1156 3028 laudat,
1181 2955 1289 3035 colligi
1313 2975 1409 3035 posse

234 3068 368 3130 videtur.
408 3066 492 3128 Nam
524 3075 696 3148 postquam
725 3067 863 3129 narravit
881 3067 965 3147 (hist.
978 3069 1029 3130 ΙΙΙ.
1046 3068 1099 3151 27)
1116 3068 1207 3132 fessis
1216 3069 1408 3152 Vespasiani

236 3183 401 3256 militibus,
435 3191 469 3243 ut
501 3182 542 3242 ad
573 3183 822 3263 expugnandam
852 3182 1045 3246 Cremonam
1075 3185 1364 3260 inflammarentur,
1389 3206 1409 3246 a

206 3299 368 3362 'ducibus
407 3300 518 3361 urbem
553 3309 781 3374 monstratam,
830 3300 848 3360 i.
889 3320 915 3362 e.
948 3301 1142 3382 promissum
1179 3322 1249 3362 esse
1273 3322 1344 3363 eam
1370 3303 1407 3363 iis

234 3416 445 3497 diripiendam
474 3415 627 3476 traditum
655 3416 700 3488 iri,
726 3417 770 3476 ita
794 3416 900 3496 pergit
923 3416 977 3500 (ΙΙΙ
1002 3416 1070 3500 28):
1102 3417 1276 3479 »Hormine
1306 3419 1339 3478 id
1363 3419 1406 3479 in·

235 3532 373 3612 genium,
400 3540 434 3593 ut
450 3531 588 3592 Messala
612 3532 718 3606 tradit,
744 3553 783 3594 an
808 3532 916 3612 potior
939 3541 1051 3594 auctor
1074 3533 1115 3594 sit
1140 3531 1174 3594 C.
1200 3533 1327 3608 Plinius,
1354 3535 1408 3615 qui

235 3647 415 3708 Antonium
439 3647 580 3721 incusat,
612 3647 698 3708 haud
730 3645 822 3708 facile
852 3649 1085 3710 discreverim«
1136 3647 1228 3730 Quae
1252 3670 1316 3711 non
1340 3651 1407 3731 ejus

234 3764 381 3826 videntur
415 3783 501 3837 esse,
533 3763 587 3842 qui
618 3763 754 3824 Plinium
786 3763 972 3844 primarium
1003 3763 1137 3826 sontem
1158 3766 1247 3846 sequi
1277 3766 1408 3846 ejusque

235 3879 333 3940 verba
363 3879 489 3959 saepius
520 3879 706 3959 simpliciter
736 3880 945 3941 transcribere
977 3880 1091 3943 solitus
1124 3883 1174 3942 sit.
1201 3919 1246 3926 —
1271 3880 1408 3943 Accedit

235 4005 458 4076 argumentum
494 3995 579 4055 aliud
609 3996 705 4076 idque
743 3996 886 4076 gravius:
930 3997 1027 4058 tradit
1057 3997 1141 4057 enim
1166 3995 1298 4058 Tacitus
1321 3996 1405 4074 (hist.

235 4112 264 4173 ΙΙ
286 4111 341 4193 48)
365 4110 540 4185 Othonem,
565 4111 751 4192 priusquam
776 4132 905 4173 manum
922 4112 982 4173 sibi
1006 4111 1145 4187 inferret,
1171 4111 1316 4174 Salvium
1328 4112 1405 4176 Coc-

307 4357 340 4426 ⁸³)
362 4361 458 4409 »Ueber
477 4361 520 4408 des
539 4361 630 4409 alteren
649 4361 745 4410 Plinius
770 4361 921 4410 Geschiehte
946 4363 1024 4410 seiner
1043 4363 1095 4410 Zeit
1121 4364 1170 4410 und
1198 4363 1234 4409 ihr
1252 4363 1407 4412 Verhiiltniss

243 4474 299 4510 zum
317 4459 445 4508 Tacitus«
484 4457 631 4524 Philologus
650 4459 771 4509 XXXIV.
790 4475 834 4523 pp.
855 4473 890 4521 40
908 4475 961 4524 sqq.
