3218 5058
202 357 243 468 1¹0

200 600 311 681 Atque
346 579 573 662 infirmissima¹¹
596 609 670 661 sunt
705 590 911 680 argumenta,
949 599 1063 680 quibus
1091 590 1304 660 Wiedemann
1339 607 1372 660 et

199 716 381 778 Mommsen
398 717 439 778 ad
455 716 688 778 defendendam
704 717 896 777 sententiam
912 734 1002 777 suam
1019 723 1158 777 utuntur.
1188 714 1370 776 Mommsen

199 832 284 894 enim
300 832 471 913 Lampriac
487 833 707 894 testimonium
723 852 787 893 non
804 832 890 906 satis,
916 839 951 894 ut
967 832 1036 913 ipse
1059 831 1216 906 concedit,
1242 830 1370 891 firmum

199 947 306 1022 affert,
340 957 374 1010 ut
404 949 542 1029 primum
573 949 771 1010 demonstret
803 946 925 1009 Vitellii
960 947 1061 1008 vitam
1096 946 1243 1008 ultimam
1274 946 1371 1008 fuisse

198 1065 336 1126 vitarum
360 1065 590 1146 imperatorum
613 1064 835 1125 Romanorum
859 1085 877 1125 a
900 1062 1071 1125 Plutarcho
1096 1063 1365 1144 conscriptarum3

198 1179 282 1241 unde
305 1180 455 1261 deinceps
471 1181 557 1241 -id
582 1180 669 1261 quod
686 1180 930 1242 incertissimum
944 1188 1038 1253 esset,
1063 1179 1371 1259 etiamsiLampriae

199 1296 385 1357 testimonio
399 1316 525 1357 summa
535 1295 682 1358 habenda
697 1295 776 1358 fides
791 1304 876 1357 esset
887 1295 1104 1356 -'concludit
1127 1294 1211 1357 hanc
1234 1294 1277 1356 ob
1301 1315 1368 1356 rem
1460 1381 1463 1386 Ι

198 1411 403 1474 Plutarchum
432 1421 507 1492 post
537 1412 661 1474 Vitellii
690 1413 792 1474 vitam
832 1411 1047 1492 compositam
1083 1431 1103 1471 a
1133 1409 1373 1472 conscribendis

197 1529 427 1609 imperatorum
443 1527 663 1589 Romanorum
688 1529 762 1589 vitis
785 1527 955 1600 destitisse,
980 1527 1089 1608 quod,¹
1103 1546 1176 1587 cum
1200 1528 1242 1588 ad
1266 1526 1371 1588 Flavi·

199 1664 290 1705 orum
314 1645 397 1706 vitas
420 1645 662 1725 componendas
686 1643 913 1705 transeundum
939 1643 967 1703 ei
991 1652 1084 1716 esset,
1111 1641 1242 1704 Flavius
1258 1642 1370 1704 Domi-

199 1761 304 1823 tianus
332 1760 400 1840 jam
436 1761 617 1841 imperaret.
669 1759 754 1820 Tum
778 1749 961 1821 Mommsen
975 1756 1013 1840 ²²)
1049 1759 1091 1820 ad
1114 1757 1370 1821 confirmandam

199 1896 290 1937 suam
315 1876 498 1956 opinionem
523 1875 605 1937 hanc
628 1895 774 1937 caussam
799 1874 900 1948 affert,
925 1875 1012 1955 quod
1042 1875 1063 1936 ii
1086 1875 1222 1936 vitarum
1248 1872 1372 1936 Galbae

198 2001 231 2053 et
255 1990 395 2053 Othonis
425 1991 504 2065 loci,
538 1991 653 2072 quibus
676 1991 823 2071 Verginii
853 1990 927 2051 Rufi
957 1989 1145 2052 Plutarchus
1173 1991 1370 2053 mentionem

198 2106 296 2168 iaciat
319 2107 502 2190 (praecipue
524 2106 563 2169 G.
594 2107 657 2190 10),
678 2109 724 2169 ita
747 2127 781 2168 se
804 2106 953 2180 habeant,
980 2115 1014 2168 ut
1037 2106 1078 2168 de
1101 2126 1176 2168 sene
1199 2105 1370 2187 superstite

198 2222 400 2307 (Verginium
431 2222 550 2285 Rufum
583 2232 747 2285 mortuum
784 2243 854 2284 esse
885 2243 971 2284 anno
1001 2237 1043 2302 97
1074 2223 1278 2284 notissimum
1311 2223 1371 2305 est)

197 2338 259 2401 dici
282 2330 445 2402 videatur*
484 2339 532 2401 At
563 2359 604 2402 ex
634 2358 706 2400 mea
737 2339 896 2400 sententia
920 2337 996 2400 nihil
1020 2338 1171 2420 impedit,
1198 2338 1369 2418 quominus

196 2455 237 2516 ad
254 2455 357 2516 virum
371 2455 438 2534 jam
462 2463 626 2518 mortuum
650 2455 710 2516 hos
733 2454 824 2516 locos
847 2453 1029 2516 referamus
1067 2454 1269 2516 Postremum
1293 2475 1374 2516 vero

197 2570 380 2632 Mommsen
397 2581 430 2633 et
445 2571 570 2645 Nissen,
596 2571 650 2652 qui
667 2590 740 2632 eum
764 2571 914 2653 sequitur,
940 2570 1001 2632 hac
1025 2590 1154 2652 quoque
1178 2591 1197 2632 a
1220 2591 1254 2632 re
1277 2591 1366 2651 argu·
1415 2607 1417 2612 ·

197 2696 342 2748 mentum
379 2696 493 2769 petunt
524 2687 735 2770 (eandemque
773 2706 921 2749 caussam
948 2687 1015 2767 jam
1044 2685 1258 2748 Wiedemann
1294 2686 1313 2748 l.
1348 2686 1367 2749 l.

197 2801 304 2864 solam
329 2802 450 2886 affert),
476 2804 565 2884 q'uod
588 2802 712 2866 Galbae
736 2812 768 2864 et
792 2802 932 2865 Othonis
955 2803 1040 2864 vitae
1064 2803 1109 2864 ita
1132 2802 1272 2884 scriptae
1295 2803 1367 2877 sint,

197 2927 232 2980 ut
255 2919 367 2980 tironis
397 2918 565 2981 videantur
594 2939 685 2981 esse..
722 2918 820 3000 Quod
847 2928 1072 3000 argumentum
1100 2918 1215 2979 nullius
1246 2919 1371 2980 videtur

197 3035 351 3097 momenti
376 3055 454 3096 esse.
502 3034 551 3096 Ea
573 3035 667 3109 enim,
688 3034 898 3116 quibus·illae
921 3035 1007 3097 vitae
1028 3055 1047 3096 a
1070 3034 1184 3095 ceteris
1208 3033 1367 3110 differunt,

199 3171 347 3232 quaeque
363 3151 554 3224 Mommsen,
579 3149 704 3225 Nissen,
727 3151 940 3213 Wiedemann
956 3150 997 3213 ad
1021 3149 1222 3232 probandam
1246 3159 1369 3212 senten·

198 3267 277 3328 tiam
301 3287 393 3328 suam
414 3265 594 3348 proferunt,
621 3267 694 3328 inde
718 3266 795 3328 mihi
818 3268 967 3329 videntur
989 3265 1164 3348 proficisci,
1192 3265 1280 3346 quod
1301 3265 1368 3327 Plu-

196 3382 325 3444 tarchus
355 3383 387 3444 in
417 3382 466 3444 his
491 3383 565 3444 vitis
586 3384 818 3464 componendis
842 3404 924 3464 opus
945 3382 1041 3464 plane
1064 3382 1267 3456 historicum,
1293 3401 1368 3456 non,

197 3507 232 3560 ut
264 3499 295 3559 in
324 3499 437 3560 ceteris
452 3497 504 3581 ²³),
541 3519 615 3561 eum
642 3498 788 3561 adhibuit
820 3499 935 3582 (neque
967 3497 1135 3572 adhibere,
1172 3508 1207 3560 ut
1234 3499 1368 3572 videtur,

197 3613 316 3698 potuit)
340 3613 478 3689 iontem,
508 3616 562 3696 qui
593 3616 634 3677 ad
663 3616 800 3676 vitarum
824 3613 1104 3677 describendarum
1128 3601 1369 3676 similitudinem

196 3731 247 3792 vel
270 3732 339 3813 ipse
370 3731 553 3793 accedebat.
601 3730 722 3793 Contra
752 3751 793 3792 ex
823 3732 884 3793 hac
907 3731 977 3812 ipsa
1000 3750 1042 3804 re,
1067 3730 1155 3811 quod
1178 3729 1220 3791 ad
1244 3726 1369 3791 Galbae

197 3856 231 3909 et
255 3845 395 3908 Othonis
424 3848 507 3908 vitas
534 3848 777 3929 componendas
807 3846 863 3908 tali
894 3847 976 3908 libro
1000 3844 1186 3908 Plutarchus
1211 3865 1285 3906 usus
1309 3853 1369 3920 est,

197 3963 306 4044 colligi
340 3949 437 4045 posse
465 3964 605 4038 videtur,
638 3983 711 4025 eum
741 3962 800 4024 has
823 3961 906 4024 vitas
929 3983 995 4024 non
1025 3963 1162 4024 tironem
1186 3961 1369 4043 scripsisse;

197 4079 410 4159 nequeenim
440 4079 611 4141 verisimile
640 4089 690 4141 est
720 4079 751 4139 in
785 4079 860 4142 vitis
883 4078 1116 4160 componendis
1139 4078 1265 4140 initium
1296 4096 1369 4140 eum

196 4193 239 4257 ab
263 4195 300 4258 iis
324 4196 464 4276 cepisse,
499 4196 669 4276 inquibus
693 4193 799 4258 sontes
822 4216 841 4257 a
864 4216 922 4257 sua
945 4193 1103 4258 scribendi
1127 4195 1252 4257 ratione
1275 4192 1369 4254 valde

264 4336 297 4406 ²¹)
317 4340 334 4387 l.
355 4339 372 4388 l.
393 4354 450 4390 ann.
472 4353 497 4388 2.

264 4434 297 4506 ²³)
317 4438 351 4488 ci.
372 4439 452 4500 Peter,
473 4438 491 4486 l.
513 4438 530 4487 l.
552 4453 576 4502 p.
601 4449 622 4486 1.
