<?xml version="1.0" encoding="UTF-8"?>
<!DOCTYPE html PUBLIC "-//W3C//DTD XHTML 1.0 Transitional//EN"
    "http://www.w3.org/TR/xhtml1/DTD/xhtml1-transitional.dtd">
<html xmlns="http://www.w3.org/1999/xhtml" xml:lang="en" lang="en">
 <head>
  <title>
</title>
<meta http-equiv="Content-Type" content="text/html;charset=utf-8" />
  <meta name='ocr-system' content='tesseract 3.04.00' />
  <meta name='ocr-capabilities' content='ocr_page ocr_carea ocr_par ocr_line ocrx_word'/>
</head>
<body>
  <div class='ocr_page' id='page_1' title='image "./detacitoplutarc00langgoog_0053.png"; bbox 0 0 3218 5058; ppageno 0'>
   <div class='ocr_carea' id='block_1_1' title="bbox 1251 425 1295 492">
    <p class='ocr_par' dir='ltr' id='par_1_1' title="bbox 1251 425 1295 492">
     <span class='ocr_line' id='line_1_1' title="bbox 1251 425 1295 492; baseline 0.023 -1"><span class='ocrx_word' id='word_1_1' title='bbox 1251 425 1295 492; x_wconf 82' lang='lat'>49</span> 
     </span>
    </p>
   </div>
   <div class='ocr_carea' id='block_1_2' title="bbox 134 621 1301 1284">
    <p class='ocr_par' dir='ltr' id='par_1_2' title="bbox 134 621 1301 1284">
     <span class='ocr_line' id='line_1_2' title="bbox 135 621 1297 705; baseline 0.001 -22"><span class='ocrx_word' id='word_1_2' title='bbox 135 640 187 704; x_wconf 88' lang='lat' dir='ltr'>par</span> <span class='ocrx_word' id='word_1_3' title='bbox 217 630 285 698; x_wconf 82' lang='lat' dir='ltr'>est,</span> <span class='ocrx_word' id='word_1_4' title='bbox 311 621 343 686; x_wconf 90' lang='lat' dir='ltr'>in</span> <span class='ocrx_word' id='word_1_5' title='bbox 378 643 449 686; x_wconf 90' lang='lat' dir='ltr'>eam</span> <span class='ocrx_word' id='word_1_6' title='bbox 485 623 732 705; x_wconf 85' lang='lat' dir='ltr'>inquisiverunt,</span> <span class='ocrx_word' id='word_1_7' title='bbox 775 624 880 686; x_wconf 93' lang='lat' dir='ltr'>denuo</span> <span class='ocrx_word' id='word_1_8' title='bbox 915 623 1007 686; x_wconf 91' lang='lat' dir='ltr'>nobis</span> <span class='ocrx_word' id='word_1_9' title='bbox 1037 624 1297 705; x_wconf 84' lang='lat' dir='ltr'>pertractandam</span> 
     </span>
     <span class='ocr_line' id='line_1_3' title="bbox 135 739 1298 820; baseline -0.001 -20"><span class='ocrx_word' id='word_1_10' title='bbox 135 739 359 820; x_wconf 82' lang='lat' dir='ltr'>proposuimus.</span> <span class='ocrx_word' id='word_1_11' title='bbox 407 739 544 802; x_wconf 90' lang='lat' dir='ltr'>Videtur</span> <span class='ocrx_word' id='word_1_12' title='bbox 568 740 652 802; x_wconf 90' lang='lat' dir='ltr'>enim</span> <span class='ocrx_word' id='word_1_13' title='bbox 676 740 792 802; x_wconf 91' lang='lat' dir='ltr'>summi</span> <span class='ocrx_word' id='word_1_14' title='bbox 817 761 886 802; x_wconf 91' lang='lat' dir='ltr'>esse</span> <span class='ocrx_word' id='word_1_15' title='bbox 910 741 1074 801; x_wconf 86' lang='lat' dir='ltr'>momenti.</span> <span class='ocrx_word' id='word_1_16' title='bbox 1111 739 1298 820; x_wconf 86' lang='lat' dir='ltr'>Priusquam</span> 
     </span>
     <span class='ocr_line' id='line_1_4' title="bbox 134 855 1300 936; baseline 0 -21"><span class='ocrx_word' id='word_1_17' title='bbox 134 862 234 916; x_wconf 89' lang='lat' dir='ltr'>autem</span> <span class='ocrx_word' id='word_1_18' title='bbox 266 855 306 917; x_wconf 90' lang='lat' dir='ltr'>ad</span> <span class='ocrx_word' id='word_1_19' title='bbox 337 855 441 936; x_wconf 87' lang='lat' dir='ltr'>ipsam</span> <span class='ocrx_word' id='word_1_20' title='bbox 465 876 612 920; x_wconf 87' lang='lat' dir='ltr'>caussam</span> <span class='ocrx_word' id='word_1_21' title='bbox 636 856 921 936; x_wconf 84' lang='lat' dir='ltr'>transgrediamur,</span> <span class='ocrx_word' id='word_1_22' title='bbox 957 855 1151 917; x_wconf 88' lang='lat' dir='ltr'>monendum</span> <span class='ocrx_word' id='word_1_23' title='bbox 1174 855 1300 916; x_wconf 92' lang='lat' dir='ltr'>videtur</span> 
     </span>
     <span class='ocr_line' id='line_1_5' title="bbox 134 967 1298 1053; baseline 0.001 -23"><span class='ocrx_word' id='word_1_24' title='bbox 134 971 230 1050; x_wconf 91' lang='lat' dir='ltr'>putari</span> <span class='ocrx_word' id='word_1_25' title='bbox 246 991 310 1032; x_wconf 90' lang='lat' dir='ltr'>non</span> <span class='ocrx_word' id='word_1_26' title='bbox 333 989 439 1051; x_wconf 87' lang='lat' dir='ltr'>posse,</span> <span class='ocrx_word' id='word_1_27' title='bbox 464 972 551 1052; x_wconf 93' lang='lat' dir='ltr'>quod</span> <span class='ocrx_word' id='word_1_28' title='bbox 576 981 684 1034; x_wconf 91' lang='lat' dir='ltr'>tamen</span> <span class='ocrx_word' id='word_1_29' title='bbox 699 971 882 1033; x_wconf 88' lang='lat' dir='ltr'>Mommsen</span> <span class='ocrx_word' id='word_1_30' title='bbox 894 972 1059 1042; x_wconf 91' lang='lat' dir='ltr'>contendit</span> <span class='ocrx_word' id='word_1_31' title='bbox 1067 967 1121 1053; x_wconf 76' lang='lat'>94),</span> <span class='ocrx_word' id='word_1_32' title='bbox 1140 970 1298 1044; x_wconf 87' lang='lat' dir='ltr'>Taciturn,</span> 
     </span>
     <span class='ocr_line' id='line_1_6' title="bbox 135 1085 1301 1168; baseline -0.001 -22"><span class='ocrx_word' id='word_1_33' title='bbox 135 1087 159 1146; x_wconf 93' lang='lat' dir='ltr'>si</span> <span class='ocrx_word' id='word_1_34' title='bbox 180 1086 210 1146; x_wconf 93' lang='lat' dir='ltr'>in</span> <span class='ocrx_word' id='word_1_35' title='bbox 236 1085 376 1149; x_wconf 91' lang='lat' dir='ltr'>historiis</span> <span class='ocrx_word' id='word_1_36' title='bbox 410 1096 465 1149; x_wconf 91' lang='lat' dir='ltr'>aut</span> <span class='ocrx_word' id='word_1_37' title='bbox 494 1088 525 1148; x_wconf 92' lang='lat' dir='ltr'>in</span> <span class='ocrx_word' id='word_1_38' title='bbox 550 1088 661 1168; x_wconf 92' lang='lat' dir='ltr'>primis</span> <span class='ocrx_word' id='word_1_39' title='bbox 685 1107 793 1149; x_wconf 89' lang='lat' dir='ltr'>earum</span> <span class='ocrx_word' id='word_1_40' title='bbox 818 1088 905 1148; x_wconf 89' lang='lat' dir='ltr'>libris</span> <span class='ocrx_word' id='word_1_41' title='bbox 929 1087 1165 1149; x_wconf 91' lang='lat' dir='ltr'>conscribendis</span> <span class='ocrx_word' id='word_1_42' title='bbox 1189 1086 1301 1148; x_wconf 89' lang='lat' dir='ltr'>leviter</span> 
     </span>
     <span class='ocr_line' id='line_1_7' title="bbox 134 1201 1301 1284; baseline 0 -22"><span class='ocrx_word' id='word_1_43' title='bbox 134 1222 225 1263; x_wconf 91' lang='lat' dir='ltr'>unum</span> <span class='ocrx_word' id='word_1_44' title='bbox 238 1201 302 1264; x_wconf 84' lang='lat' dir='ltr'>fere</span> <span class='ocrx_word' id='word_1_45' title='bbox 318 1222 445 1284; x_wconf 86' lang='lat' dir='ltr'>semper</span> <span class='ocrx_word' id='word_1_46' title='bbox 461 1203 713 1284; x_wconf 85' lang='lat' dir='ltr'>transcripsisset</span> <span class='ocrx_word' id='word_1_47' title='bbox 730 1201 861 1278; x_wconf 85' lang='lat' dir='ltr'>sontem,</span> <span class='ocrx_word' id='word_1_48' title='bbox 879 1203 910 1264; x_wconf 94' lang='lat' dir='ltr'>in</span> <span class='ocrx_word' id='word_1_49' title='bbox 927 1201 1093 1264; x_wconf 89' lang='lat' dir='ltr'>annalibus</span> <span class='ocrx_word' id='word_1_50' title='bbox 1109 1222 1301 1284; x_wconf 90' lang='lat' dir='ltr'>componen-</span> 
     </span>
    </p>
   </div>
   <div class='ocr_carea' id='block_1_3' title="bbox 133 1317 1303 1401">
    <p class='ocr_par' dir='ltr' id='par_1_3' title="bbox 133 1317 1303 1401">
     <span class='ocr_line' id='line_1_8' title="bbox 133 1317 1303 1401; baseline -0.002 -21"><span class='ocrx_word' id='word_1_51' title='bbox 133 1319 179 1380; x_wconf 89' lang='lat' dir='ltr'>dis</span> <span class='ocrx_word' id='word_1_52' title='bbox 211 1318 307 1399; x_wconf 85' lang='lat' dir='ltr'>longe</span> <span class='ocrx_word' id='word_1_53' title='bbox 341 1319 438 1380; x_wconf 90' lang='lat' dir='ltr'>aliam</span> <span class='ocrx_word' id='word_1_54' title='bbox 473 1319 559 1379; x_wconf 87' lang='lat' dir='ltr'>viam</span> <span class='ocrx_word' id='word_1_55' title='bbox 594 1319 808 1399; x_wconf 83' lang='lat' dir='ltr'>ingressurum</span> <span class='ocrx_word' id='word_1_56' title='bbox 844 1318 1126 1401; x_wconf 91' lang='lat' dir='ltr'>compluribusque</span> <span class='ocrx_word' id='word_1_57' title='bbox 1162 1317 1303 1379; x_wconf 89' lang='lat' dir='ltr'>sontibus</span> 
     </span>
    </p>
   </div>
   <div class='ocr_carea' id='block_1_4' title="bbox 122 1432 1315 4411">
    <p class='ocr_par' dir='ltr' id='par_1_4' title="bbox 122 1432 1315 4411">
     <span class='ocr_line' id='line_1_9' title="bbox 133 1432 1304 1516; baseline 0.001 -22"><span class='ocrx_word' id='word_1_58' title='bbox 133 1433 246 1514; x_wconf 90' lang='lat' dir='ltr'>pariter</span> <span class='ocrx_word' id='word_1_59' title='bbox 278 1453 407 1496; x_wconf 93' lang='lat' dir='ltr'>usurum</span> <span class='ocrx_word' id='word_1_60' title='bbox 436 1432 540 1496; x_wconf 90' lang='lat' dir='ltr'>fuisse.</span> <span class='ocrx_word' id='word_1_61' title='bbox 588 1433 681 1495; x_wconf 91' lang='lat' dir='ltr'>Hanc</span> <span class='ocrx_word' id='word_1_62' title='bbox 711 1434 795 1496; x_wconf 90' lang='lat' dir='ltr'>enim</span> <span class='ocrx_word' id='word_1_63' title='bbox 820 1435 1005 1515; x_wconf 86' lang='lat' dir='ltr'>opinionem</span> <span class='ocrx_word' id='word_1_64' title='bbox 1026 1435 1093 1516; x_wconf 80' lang='lat' dir='ltr'>jam</span> <span class='ocrx_word' id='word_1_65' title='bbox 1117 1434 1304 1515; x_wconf 89' lang='lat' dir='ltr'>Nipperdey</span> 
     </span>
     <span class='ocr_line' id='line_1_10' title="bbox 133 1543 1305 1632; baseline 0 -22"><span class='ocrx_word' id='word_1_66' title='bbox 133 1548 162 1632; x_wconf 81' lang='lat'>(1.</span> <span class='ocrx_word' id='word_1_67' title='bbox 186 1548 204 1611; x_wconf 95' lang='lat' dir='ltr'>l.</span> <span class='ocrx_word' id='word_1_68' title='bbox 236 1569 290 1631; x_wconf 89' lang='lat' dir='ltr'>pp.</span> <span class='ocrx_word' id='word_1_69' title='bbox 323 1551 364 1610; x_wconf 87' lang='lat'>28</span> <span class='ocrx_word' id='word_1_70' title='bbox 396 1570 443 1630; x_wconf 91' lang='lat' dir='ltr'>sq.</span> <span class='ocrx_word' id='word_1_71' title='bbox 478 1568 569 1611; x_wconf 89' lang='lat' dir='ltr'>ann:</span> <span class='ocrx_word' id='word_1_72' title='bbox 611 1549 723 1610; x_wconf 72' lang='lat' dir='ltr'>»Denn</span> <span class='ocrx_word' id='word_1_73' title='bbox 755 1549 807 1611; x_wconf 91' lang='lat' dir='ltr'>bei</span> <span class='ocrx_word' id='word_1_74' title='bbox 838 1550 989 1612; x_wconf 90' lang='lat' dir='ltr'>mancher</span> <span class='ocrx_word' id='word_1_75' title='bbox 1017 1543 1305 1616; x_wconf 66' lang='lat' dir='ltr'>Vers&#39;chiedenheit</span> 
     </span>
     <span class='ocr_line' id='line_1_11' title="bbox 132 1664 1306 1746; baseline 0.002 -21"><span class='ocrx_word' id='word_1_76' title='bbox 132 1664 285 1726; x_wconf 88' lang='lat' dir='ltr'>zwischen</span> <span class='ocrx_word' id='word_1_77' title='bbox 315 1665 378 1726; x_wconf 92' lang='lat' dir='ltr'>den</span> <span class='ocrx_word' id='word_1_78' title='bbox 401 1664 566 1726; x_wconf 89' lang='lat' dir='ltr'>Historien</span> <span class='ocrx_word' id='word_1_79' title='bbox 591 1666 654 1726; x_wconf 96' lang='lat' dir='ltr'>und</span> <span class='ocrx_word' id='word_1_80' title='bbox 678 1666 744 1727; x_wconf 91' lang='lat' dir='ltr'>den·</span> <span class='ocrx_word' id='word_1_81' title='bbox 764 1665 911 1727; x_wconf 79' lang='lat' dir='ltr'>Buchern</span> <span class='ocrx_word' id='word_1_82' title='bbox 935 1666 976 1728; x_wconf 92' lang='lat' dir='ltr'>ab</span> <span class='ocrx_word' id='word_1_83' title='bbox 1000 1687 1069 1727; x_wconf 88' lang='lat' dir='ltr'>exc.</span> <span class='ocrx_word' id='word_1_84' title='bbox 1095 1665 1125 1727; x_wconf 93' lang='lat' dir='ltr'>d.</span> <span class='ocrx_word' id='word_1_85' title='bbox 1151 1665 1237 1746; x_wconf 85' lang='lat' dir='ltr'>Aug.</span> <span class='ocrx_word' id='word_1_86' title='bbox 1264 1667 1306 1727; x_wconf 90' lang='lat' dir='ltr'>ist</span> 
     </span>
     <span class='ocr_line' id='line_1_12' title="bbox 132 1779 1305 1862; baseline 0.001 -21"><span class='ocrx_word' id='word_1_87' title='bbox 132 1779 213 1842; x_wconf 90' lang='lat' dir='ltr'>doch</span> <span class='ocrx_word' id='word_1_88' title='bbox 236 1781 268 1841; x_wconf 94' lang='lat' dir='ltr'>in</span> <span class='ocrx_word' id='word_1_89' title='bbox 291 1781 347 1842; x_wconf 93' lang='lat' dir='ltr'>der</span> <span class='ocrx_word' id='word_1_90' title='bbox 374 1781 534 1862; x_wconf 90' lang='lat' dir='ltr'>geistigen</span> <span class='ocrx_word' id='word_1_91' title='bbox 557 1781 748 1862; x_wconf 88' lang='lat' dir='ltr'>Bedeutung</span> <span class='ocrx_word' id='word_1_92' title='bbox 777 1782 842 1843; x_wconf 93' lang='lat' dir='ltr'>und</span> <span class='ocrx_word' id='word_1_93' title='bbox 875 1783 931 1844; x_wconf 91' lang='lat' dir='ltr'>der</span> <span class='ocrx_word' id='word_1_94' title='bbox 961 1781 1165 1843; x_wconf 87' lang='lat' dir='ltr'>stilistischen</span> <span class='ocrx_word' id='word_1_95' title='bbox 1190 1780 1305 1861; x_wconf 78' lang='lat' dir='ltr'>Fahig-</span> 
     </span>
     <span class='ocr_line' id='line_1_13' title="bbox 131 1895 1305 1978; baseline 0.001 -22"><span class='ocrx_word' id='word_1_96' title='bbox 131 1895 196 1956; x_wconf 89' lang='lat' dir='ltr'>keit</span> <span class='ocrx_word' id='word_1_97' title='bbox 228 1897 260 1958; x_wconf 87' lang='lat' dir='ltr'>in</span> <span class='ocrx_word' id='word_1_98' title='bbox 294 1895 410 1959; x_wconf 91' lang='lat' dir='ltr'>beiden</span> <span class='ocrx_word' id='word_1_99' title='bbox 438 1896 580 1960; x_wconf 88' lang='lat' dir='ltr'>Werken</span> <span class='ocrx_word' id='word_1_100' title='bbox 615 1896 793 1977; x_wconf 90' lang='lat' dir='ltr'>unleugbar</span> <span class='ocrx_word' id='word_1_101' title='bbox 827 1897 897 1959; x_wconf 89' lang='lat' dir='ltr'>eine</span> <span class='ocrx_word' id='word_1_102' title='bbox 931 1897 963 1958; x_wconf 87' lang='lat' dir='ltr'>so</span> <span class='ocrx_word' id='word_1_103' title='bbox 997 1896 1107 1978; x_wconf 86' lang='lat' dir='ltr'>grosse</span> <span class='ocrx_word' id='word_1_104' title='bbox 1136 1896 1305 1960; x_wconf 89' lang='lat' dir='ltr'>Ueberein-</span> 
     </span>
     <span class='ocr_line' id='line_1_14' title="bbox 131 2011 1307 2094; baseline 0.001 -22"><span class='ocrx_word' id='word_1_105' title='bbox 131 2011 314 2092; x_wconf 88' lang='lat' dir='ltr'>stimmung,</span> <span class='ocrx_word' id='word_1_106' title='bbox 350 2011 420 2074; x_wconf 87' lang='lat' dir='ltr'>dass</span> <span class='ocrx_word' id='word_1_107' title='bbox 444 2013 496 2075; x_wconf 91' lang='lat' dir='ltr'>die</span> <span class='ocrx_word' id='word_1_108' title='bbox 519 2012 843 2075; x_wconf 88' lang='lat' dir='ltr'>Verschiedenheiten</span> <span class='ocrx_word' id='word_1_109' title='bbox 875 2014 1022 2094; x_wconf 89' lang='lat' dir='ltr'>dagegen</span> <span class='ocrx_word' id='word_1_110' title='bbox 1045 2012 1307 2075; x_wconf 88' lang='lat' dir='ltr'>verschwindend</span> 
     </span>
     <span class='ocr_line' id='line_1_15' title="bbox 131 2114 1306 2208; baseline 0.001 -20"><span class='ocrx_word' id='word_1_111' title='bbox 131 2128 242 2208; x_wconf 88' lang='lat' dir='ltr'>gering</span> <span class='ocrx_word' id='word_1_112' title='bbox 258 2128 338 2203; x_wconf 91' lang='lat' dir='ltr'>sind,</span> <span class='ocrx_word' id='word_1_113' title='bbox 363 2129 428 2190; x_wconf 93' lang='lat' dir='ltr'>und</span> <span class='ocrx_word' id='word_1_114' title='bbox 444 2129 509 2204; x_wconf 90' lang='lat' dir='ltr'>der,</span> <span class='ocrx_word' id='word_1_115' title='bbox 534 2128 671 2191; x_wconf 89' lang='lat' dir='ltr'>welcher</span> <span class='ocrx_word' id='word_1_116' title='bbox 694 2129 726 2190; x_wconf 95' lang='lat' dir='ltr'>in</span> <span class='ocrx_word' id='word_1_117' title='bbox 741 2129 824 2200; x_wconf 92' lang='lat' dir='ltr'>dem</span> <span class='ocrx_word' id='word_1_118' title='bbox 848 2130 940 2194; x_wconf 88' lang='lat' dir='ltr'>einen</span> <span class='ocrx_word' id='word_1_119' title='bbox 964 2114 1137 2203; x_wconf 83' lang='lat' dir='ltr'>abichrieb,</span> <span class='ocrx_word' id='word_1_120' title='bbox 1162 2128 1252 2190; x_wconf 90' lang='lat' dir='ltr'>nicht</span> <span class='ocrx_word' id='word_1_121' title='bbox 1275 2129 1306 2189; x_wconf 94' lang='lat' dir='ltr'>in</span> 
     </span>
     <span class='ocr_line' id='line_1_16' title="bbox 131 2243 1306 2326; baseline -0.002 -22"><span class='ocrx_word' id='word_1_122' title='bbox 131 2243 204 2304; x_wconf 90' lang='lat' dir='ltr'>dem</span> <span class='ocrx_word' id='word_1_123' title='bbox 234 2244 373 2305; x_wconf 90' lang='lat' dir='ltr'>anderen</span> <span class='ocrx_word' id='word_1_124' title='bbox 404 2243 638 2324; x_wconf 75' lang='lat' dir='ltr'>selbstiindiger</span> <span class='ocrx_word' id='word_1_125' title='bbox 661 2243 890 2308; x_wconf 86' lang='lat' dir='ltr'>Schriftsteller</span> <span class='ocrx_word' id='word_1_126' title='bbox 912 2265 1061 2325; x_wconf 88' lang='lat' dir='ltr'>gewesen</span> <span class='ocrx_word' id='word_1_127' title='bbox 1084 2245 1152 2306; x_wconf 90' lang='lat' dir='ltr'>sein</span> <span class='ocrx_word' id='word_1_128' title='bbox 1175 2244 1306 2326; x_wconf 71' lang='lat' dir='ltr'>kann«)</span> 
     </span>
     <span class='ocr_line' id='line_1_17' title="bbox 131 2357 1306 2443; baseline 0.001 -23"><span class='ocrx_word' id='word_1_129' title='bbox 131 2367 164 2420; x_wconf 91' lang='lat' dir='ltr'>et</span> <span class='ocrx_word' id='word_1_130' title='bbox 179 2357 298 2427; x_wconf 87' lang='lat' dir='ltr'>Clason</span> <span class='ocrx_word' id='word_1_131' title='bbox 310 2359 475 2443; x_wconf 73' lang='lat' dir='ltr'>(rTacitus</span> <span class='ocrx_word' id='word_1_132' title='bbox 491 2361 556 2421; x_wconf 92' lang='lat' dir='ltr'>und</span> <span class='ocrx_word' id='word_1_133' title='bbox 569 2359 710 2422; x_wconf 76' lang='lat' dir='ltr'>Sueton«</span> <span class='ocrx_word' id='word_1_134' title='bbox 727 2381 757 2442; x_wconf 92' lang='lat' dir='ltr'>p.</span> <span class='ocrx_word' id='word_1_135' title='bbox 777 2377 834 2438; x_wconf 83' lang='lat'>123</span> <span class='ocrx_word' id='word_1_136' title='bbox 850 2381 855 2422; x_wconf 93' lang='lat'>:</span> <span class='ocrx_word' id='word_1_137' title='bbox 876 2385 938 2418; x_wconf 88' lang='lat'><strong>›&gt;-—</strong></span> <span class='ocrx_word' id='word_1_138' title='bbox 954 2360 1085 2422; x_wconf 88' lang='lat' dir='ltr'>Tacitus</span> <span class='ocrx_word' id='word_1_139' title='bbox 1099 2381 1163 2422; x_wconf 89' lang='lat' dir='ltr'>war</span> <span class='ocrx_word' id='word_1_140' title='bbox 1176 2359 1226 2422; x_wconf 93' lang='lat' dir='ltr'>bei</span> <span class='ocrx_word' id='word_1_141' title='bbox 1240 2359 1306 2421; x_wconf 87' lang='lat' dir='ltr'>Ab·</span> 
     </span>
     <span class='ocr_line' id='line_1_18' title="bbox 131 2472 1304 2557; baseline 0.003 -22"><span class='ocrx_word' id='word_1_142' title='bbox 131 2472 263 2556; x_wconf 87' lang='lat' dir='ltr'>lassung</span> <span class='ocrx_word' id='word_1_143' title='bbox 278 2475 381 2538; x_wconf 90' lang='lat' dir='ltr'>seiner</span> <span class='ocrx_word' id='word_1_144' title='bbox 398 2475 550 2538; x_wconf 90' lang='lat' dir='ltr'>historiae</span> <span class='ocrx_word' id='word_1_145' title='bbox 563 2475 750 2556; x_wconf 86' lang='lat' dir='ltr'>wenigstens</span> <span class='ocrx_word' id='word_1_146' title='bbox 764 2475 918 2538; x_wconf 87' lang='lat' dir='ltr'>zwischen</span> <span class='ocrx_word' id='word_1_147' title='bbox 929 2492 974 2553; x_wconf 87' lang='lat'>40</span> <span class='ocrx_word' id='word_1_148' title='bbox 987 2477 1051 2538; x_wconf 93' lang='lat' dir='ltr'>und</span> <span class='ocrx_word' id='word_1_149' title='bbox 1067 2489 1107 2555; x_wconf 87' lang='lat'>50</span> <span class='ocrx_word' id='word_1_150' title='bbox 1119 2475 1236 2557; x_wconf 89' lang='lat' dir='ltr'>Jahren</span> <span class='ocrx_word' id='word_1_151' title='bbox 1249 2476 1304 2549; x_wconf 89' lang='lat' dir='ltr'>alt,</span> 
     </span>
     <span class='ocr_line' id='line_1_19' title="bbox 130 2570 1307 2673; baseline 0.002 -23"><span class='ocrx_word' id='word_1_152' title='bbox 130 2570 181 2651; x_wconf 83' lang='lat' dir='ltr'>ein</span> <span class='ocrx_word' id='word_1_153' title='bbox 211 2590 335 2665; x_wconf 85' lang='lat' dir='ltr'>Alter,¹</span> <span class='ocrx_word' id='word_1_154' title='bbox 356 2591 388 2653; x_wconf 95' lang='lat' dir='ltr'>in</span> <span class='ocrx_word' id='word_1_155' title='bbox 420 2592 495 2654; x_wconf 92' lang='lat' dir='ltr'>dem</span> <span class='ocrx_word' id='word_1_156' title='bbox 528 2590 590 2653; x_wconf 78' lang='lat' dir='ltr'>sich</span> <span class='ocrx_word' id='word_1_157' title='bbox 615 2590 792 2654; x_wconf 87' lang='lat' dir='ltr'>Charakter</span> <span class='ocrx_word' id='word_1_158' title='bbox 823 2593 886 2654; x_wconf 92' lang='lat' dir='ltr'>und</span> <span class='ocrx_word' id='word_1_159' title='bbox 917 2591 1228 2673; x_wconf 85' lang='lat' dir='ltr'>Auffassungsweise</span> <span class='ocrx_word' id='word_1_160' title='bbox 1256 2611 1307 2672; x_wconf 88' lang='lat' dir='ltr'>ge-</span> 
     </span>
     <span class='ocr_line' id='line_1_20' title="bbox 129 2705 1309 2788; baseline 0.002 -22"><span class='ocrx_word' id='word_1_161' title='bbox 129 2705 291 2768; x_wconf 80' lang='lat' dir='ltr'>wohnlich</span> <span class='ocrx_word' id='word_1_162' title='bbox 307 2707 408 2770; x_wconf 91' lang='lat' dir='ltr'>schon</span> <span class='ocrx_word' id='word_1_163' title='bbox 424 2729 462 2769; x_wconf 89' lang='lat' dir='ltr'>zu</span> <span class='ocrx_word' id='word_1_164' title='bbox 478 2709 565 2770; x_wconf 91' lang='lat' dir='ltr'>einer</span> <span class='ocrx_word' id='word_1_165' title='bbox 588 2707 690 2774; x_wconf 89' lang='lat' dir='ltr'>festen</span> <span class='ocrx_word' id='word_1_166' title='bbox 714 2708 813 2770; x_wconf 91' lang='lat' dir='ltr'>Form</span> <span class='ocrx_word' id='word_1_167' title='bbox 837 2707 990 2788; x_wconf 88' lang='lat' dir='ltr'>gestaltet</span> <span class='ocrx_word' id='word_1_168' title='bbox 1012 2705 1134 2785; x_wconf 76' lang='lat' dir='ltr'>haben,</span> <span class='ocrx_word' id='word_1_169' title='bbox 1159 2708 1201 2770; x_wconf 86' lang='lat' dir='ltr'>da</span> <span class='ocrx_word' id='word_1_170' title='bbox 1225 2713 1309 2769; x_wconf 73' lang='lat' dir='ltr'>ware</span> 
     </span>
     <span class='ocr_line' id='line_1_21' title="bbox 130 2809 1309 2905; baseline 0.002 -22"><span class='ocrx_word' id='word_1_171' title='bbox 130 2809 216 2884; x_wconf 88' lang='lat' dir='ltr'>denn</span> <span class='ocrx_word' id='word_1_172' title='bbox 254 2823 339 2885; x_wconf 95' lang='lat' dir='ltr'>doch</span> <span class='ocrx_word' id='word_1_173' title='bbox 378 2823 435 2885; x_wconf 91' lang='lat' dir='ltr'>der</span> <span class='ocrx_word' id='word_1_174' title='bbox 469 2822 599 2904; x_wconf 84' lang='lat' dir='ltr'>Sprung</span> <span class='ocrx_word' id='word_1_175' title='bbox 637 2824 669 2884; x_wconf 91' lang='lat' dir='ltr'>in</span> <span class='ocrx_word' id='word_1_176' title='bbox 704 2824 760 2885; x_wconf 91' lang='lat' dir='ltr'>der</span> <span class='ocrx_word' id='word_1_177' title='bbox 795 2822 1117 2905; x_wconf 83' lang='lat' dir='ltr'>Quellenbenutzung</span> <span class='ocrx_word' id='word_1_178' title='bbox 1148 2844 1212 2885; x_wconf 92' lang='lat' dir='ltr'>von</span> <span class='ocrx_word' id='word_1_179' title='bbox 1247 2823 1309 2885; x_wconf 92' lang='lat' dir='ltr'>den</span> 
     </span>
     <span class='ocr_line' id='line_1_22' title="bbox 129 2938 1308 3020; baseline 0.002 -22"><span class='ocrx_word' id='word_1_180' title='bbox 129 2938 284 2999; x_wconf 88' lang='lat' dir='ltr'>historiae</span> <span class='ocrx_word' id='word_1_181' title='bbox 307 2938 356 3000; x_wconf 92' lang='lat' dir='ltr'>bis</span> <span class='ocrx_word' id='word_1_182' title='bbox 384 2961 422 3000; x_wconf 89' lang='lat' dir='ltr'>zu</span> <span class='ocrx_word' id='word_1_183' title='bbox 452 2939 515 3000; x_wconf 91' lang='lat' dir='ltr'>den</span> <span class='ocrx_word' id='word_1_184' title='bbox 543 2940 661 3000; x_wconf 85' lang='lat' dir='ltr'>letzten</span> <span class='ocrx_word' id='word_1_185' title='bbox 685 2938 832 3001; x_wconf 85' lang='lat' dir='ltr'>Biichern</span> <span class='ocrx_word' id='word_1_186' title='bbox 860 2940 917 3001; x_wconf 92' lang='lat' dir='ltr'>der</span> <span class='ocrx_word' id='word_1_187' title='bbox 939 2939 1090 3002; x_wconf 88' lang='lat' dir='ltr'>Annalen</span> <span class='ocrx_word' id='word_1_188' title='bbox 1114 2940 1164 3002; x_wconf 91' lang='lat' dir='ltr'>ein</span> <span class='ocrx_word' id='word_1_189' title='bbox 1188 2960 1246 3020; x_wconf 89' lang='lat' dir='ltr'>gar</span> <span class='ocrx_word' id='word_1_190' title='bbox 1270 2960 1308 3000; x_wconf 89' lang='lat' dir='ltr'>zu</span> 
     </span>
     <span class='ocr_line' id='line_1_23' title="bbox 128 3052 1310 3137; baseline 0 -23"><span class='ocrx_word' id='word_1_191' title='bbox 128 3053 304 3137; x_wconf 66' lang='lat' dir='ltr'>grosseti)</span> <span class='ocrx_word' id='word_1_192' title='bbox 324 3074 464 3135; x_wconf 68' lang='lat' dir='ltr'>vprorsus</span> <span class='ocrx_word' id='word_1_193' title='bbox 492 3052 683 3117; x_wconf 89' lang='lat' dir='ltr'>resellerunt.</span> <span class='ocrx_word' id='word_1_194' title='bbox 731 3054 774 3116; x_wconf 86' lang='lat' dir='ltr'>Et</span> <span class='ocrx_word' id='word_1_195' title='bbox 807 3055 960 3135; x_wconf 89' lang='lat' dir='ltr'>quoniam</span> <span class='ocrx_word' id='word_1_196' title='bbox 989 3056 1072 3116; x_wconf 90' lang='lat' dir='ltr'>inter</span> <span class='ocrx_word' id='word_1_197' title='bbox 1104 3074 1229 3129; x_wconf 91' lang='lat' dir='ltr'>omnes,</span> <span class='ocrx_word' id='word_1_198' title='bbox 1256 3055 1310 3134; x_wconf 90' lang='lat' dir='ltr'>qui</span> 
     </span>
     <span class='ocr_line' id='line_1_24' title="bbox 127 3169 1310 3252; baseline -0.001 -21"><span class='ocrx_word' id='word_1_199' title='bbox 127 3169 161 3230; x_wconf 90' lang='lat' dir='ltr'>in</span> <span class='ocrx_word' id='word_1_200' title='bbox 185 3169 349 3231; x_wconf 88' lang='lat' dir='ltr'>annalium</span> <span class='ocrx_word' id='word_1_201' title='bbox 380 3169 485 3232; x_wconf 89' lang='lat' dir='ltr'>fontes</span> <span class='ocrx_word' id='word_1_202' title='bbox 516 3170 699 3250; x_wconf 89' lang='lat' dir='ltr'>diligentius</span> <span class='ocrx_word' id='word_1_203' title='bbox 729 3171 974 3252; x_wconf 88' lang='lat' dir='ltr'>inquisiverunt,</span> <span class='ocrx_word' id='word_1_204' title='bbox 1009 3178 1138 3232; x_wconf 85' lang='lat' dir='ltr'>constat</span> <span class='ocrx_word' id='word_1_205' title='bbox 1160 3169 1310 3232; x_wconf 86' lang='lat' dir='ltr'>Tacitum</span> 
     </span>
     <span class='ocr_line' id='line_1_25' title="bbox 127 3285 1309 3367; baseline 0.001 -21"><span class='ocrx_word' id='word_1_206' title='bbox 127 3285 161 3346; x_wconf 92' lang='lat' dir='ltr'>in</span> <span class='ocrx_word' id='word_1_207' title='bbox 185 3285 250 3347; x_wconf 91' lang='lat' dir='ltr'>hoc</span> <span class='ocrx_word' id='word_1_208' title='bbox 283 3305 380 3367; x_wconf 91' lang='lat' dir='ltr'>opere</span> <span class='ocrx_word' id='word_1_209' title='bbox 410 3287 579 3350; x_wconf 90' lang='lat' dir='ltr'>condendo</span> <span class='ocrx_word' id='word_1_210' title='bbox 610 3307 678 3352; x_wconf 67' lang='lat' dir='ltr'>non.</span> <span class='ocrx_word' id='word_1_211' title='bbox 705 3308 803 3349; x_wconf 90' lang='lat' dir='ltr'>unum</span> <span class='ocrx_word' id='word_1_212' title='bbox 826 3298 991 3351; x_wconf 89' lang='lat' dir='ltr'>auc-torem</span> <span class='ocrx_word' id='word_1_213' title='bbox 1016 3286 1080 3348; x_wconf 87' lang='lat' dir='ltr'>fere</span> <span class='ocrx_word' id='word_1_214' title='bbox 1110 3305 1238 3367; x_wconf 88' lang='lat' dir='ltr'>semper</span> <span class='ocrx_word' id='word_1_215' title='bbox 1261 3306 1309 3348; x_wconf 90' lang='lat' dir='ltr'>ac-</span> 
     </span>
     <span class='ocr_line' id='line_1_26' title="bbox 127 3401 1311 3485; baseline 0 -23"><span class='ocrx_word' id='word_1_216' title='bbox 127 3401 332 3463; x_wconf 90' lang='lat' dir='ltr'>curatissime</span> <span class='ocrx_word' id='word_1_217' title='bbox 356 3410 501 3463; x_wconf 91' lang='lat' dir='ltr'>secutum</span> <span class='ocrx_word' id='word_1_218' title='bbox 525 3423 623 3478; x_wconf 85' lang='lat' dir='ltr'>esse,¹</span> <span class='ocrx_word' id='word_1_219' title='bbox 638 3404 695 3466; x_wconf 90' lang='lat' dir='ltr'>sed</span> <span class='ocrx_word' id='word_1_220' title='bbox 719 3403 901 3485; x_wconf 88' lang='lat' dir='ltr'>complures</span> <span class='ocrx_word' id='word_1_221' title='bbox 925 3413 957 3466; x_wconf 90' lang='lat' dir='ltr'>et</span> <span class='ocrx_word' id='word_1_222' title='bbox 979 3403 1151 3484; x_wconf 89' lang='lat' dir='ltr'>scriptores</span> <span class='ocrx_word' id='word_1_223' title='bbox 1175 3412 1208 3464; x_wconf 92' lang='lat' dir='ltr'>et</span> <span class='ocrx_word' id='word_1_224' title='bbox 1231 3402 1311 3463; x_wconf 89' lang='lat' dir='ltr'>alios</span> 
     </span>
     <span class='ocr_line' id='line_1_27' title="bbox 127 3515 1312 3601; baseline 0.001 -24"><span class='ocrx_word' id='word_1_225' title='bbox 127 3515 240 3578; x_wconf 90' lang='lat' dir='ltr'>sontes</span> <span class='ocrx_word' id='word_1_226' title='bbox 270 3516 469 3592; x_wconf 91' lang='lat' dir='ltr'>adhibuisse,</span> <span class='ocrx_word' id='word_1_227' title='bbox 503 3518 554 3580; x_wconf 94' lang='lat' dir='ltr'>vel</span> <span class='ocrx_word' id='word_1_228' title='bbox 589 3519 663 3581; x_wconf 91' lang='lat' dir='ltr'>inde</span> <span class='ocrx_word' id='word_1_229' title='bbox 699 3518 807 3600; x_wconf 87' lang='lat' dir='ltr'>colligi</span> <span class='ocrx_word' id='word_1_230' title='bbox 841 3539 937 3601; x_wconf 91' lang='lat' dir='ltr'>posse</span> <span class='ocrx_word' id='word_1_231' title='bbox 968 3519 1093 3581; x_wconf 89' lang='lat' dir='ltr'>videtur</span> <span class='ocrx_word' id='word_1_232' title='bbox 1116 3519 1148 3579; x_wconf 97' lang='lat' dir='ltr'>in</span> <span class='ocrx_word' id='word_1_233' title='bbox 1172 3518 1312 3579; x_wconf 91' lang='lat' dir='ltr'>historiis</span> 
     </span>
     <span class='ocr_line' id='line_1_28' title="bbox 126 3632 1312 3716; baseline 0.001 -23"><span class='ocrx_word' id='word_1_234' title='bbox 126 3632 310 3694; x_wconf 90' lang='lat' dir='ltr'>scribendis</span> <span class='ocrx_word' id='word_1_235' title='bbox 326 3652 400 3694; x_wconf 90' lang='lat' dir='ltr'>eum</span> <span class='ocrx_word' id='word_1_236' title='bbox 416 3633 500 3695; x_wconf 88' lang='lat' dir='ltr'>idern</span> <span class='ocrx_word' id='word_1_237' title='bbox 525 3633 645 3696; x_wconf 79' lang='lat' dir='ltr'>fecisse.</span> <span class='ocrx_word' id='word_1_238' title='bbox 686 3633 834 3710; x_wconf 87' lang='lat' dir='ltr'>Accedit,</span> <span class='ocrx_word' id='word_1_239' title='bbox 860 3634 948 3716; x_wconf 93' lang='lat' dir='ltr'>quod</span> <span class='ocrx_word' id='word_1_240' title='bbox 972 3634 1104 3696; x_wconf 88' lang='lat' dir='ltr'>Tacitus</span> <span class='ocrx_word' id='word_1_241' title='bbox 1127 3635 1158 3695; x_wconf 92' lang='lat' dir='ltr'>in</span> <span class='ocrx_word' id='word_1_242' title='bbox 1182 3654 1312 3714; x_wconf 91' lang='lat' dir='ltr'>compo-</span> 
     </span>
     <span class='ocr_line' id='line_1_29' title="bbox 126 3747 1313 3829; baseline 0.002 -21"><span class='ocrx_word' id='word_1_243' title='bbox 126 3748 248 3816; x_wconf 91' lang='lat' dir='ltr'>nendis</span> <span class='ocrx_word' id='word_1_244' title='bbox 272 3748 309 3809; x_wconf 89' lang='lat' dir='ltr'>iis</span> <span class='ocrx_word' id='word_1_245' title='bbox 333 3747 434 3822; x_wconf 85' lang='lat' dir='ltr'>libris,</span> <span class='ocrx_word' id='word_1_246' title='bbox 461 3768 543 3829; x_wconf 87' lang='lat' dir='ltr'>quos</span> <span class='ocrx_word' id='word_1_247' title='bbox 566 3749 815 3814; x_wconf 81' lang='lat' dir='ltr'>antehisrorias</span> <span class='ocrx_word' id='word_1_248' title='bbox 839 3749 1037 3826; x_wconf 83' lang='lat' dir='ltr'>confecerat,</span> <span class='ocrx_word' id='word_1_249' title='bbox 1068 3770 1166 3811; x_wconf 92' lang='lat' dir='ltr'>unum</span> <span class='ocrx_word' id='word_1_250' title='bbox 1190 3749 1313 3811; x_wconf 89' lang='lat' dir='ltr'>fontem</span> 
     </span>
     <span class='ocr_line' id='line_1_30' title="bbox 126 3863 1312 3947; baseline 0.003 -24"><span class='ocrx_word' id='word_1_251' title='bbox 126 3863 226 3944; x_wconf 90' lang='lat' dir='ltr'>sequi</span> <span class='ocrx_word' id='word_1_252' title='bbox 259 3883 299 3925; x_wconf 92' lang='lat' dir='ltr'>ne</span> <span class='ocrx_word' id='word_1_253' title='bbox 331 3873 481 3944; x_wconf 89' lang='lat' dir='ltr'>potuerat</span> <span class='ocrx_word' id='word_1_254' title='bbox 512 3865 651 3946; x_wconf 91' lang='lat' dir='ltr'>quidem.</span> <span class='ocrx_word' id='word_1_255' title='bbox 699 3864 812 3947; x_wconf 93' lang='lat' dir='ltr'>Neque</span> <span class='ocrx_word' id='word_1_256' title='bbox 841 3887 919 3928; x_wconf 90' lang='lat' dir='ltr'>vero</span> <span class='ocrx_word' id='word_1_257' title='bbox 951 3866 1129 3947; x_wconf 87' lang='lat' dir='ltr'>putandum</span> <span class='ocrx_word' id='word_1_258' title='bbox 1157 3874 1206 3928; x_wconf 90' lang='lat' dir='ltr'>est</span> <span class='ocrx_word' id='word_1_259' title='bbox 1229 3885 1312 3941; x_wconf 91' lang='lat' dir='ltr'>eum,</span> 
     </span>
     <span class='ocr_line' id='line_1_31' title="bbox 125 3979 1312 4062; baseline 0.003 -23"><span class='ocrx_word' id='word_1_260' title='bbox 125 3979 184 4060; x_wconf 91' lang='lat' dir='ltr'>qui</span> <span class='ocrx_word' id='word_1_261' title='bbox 212 3988 369 4060; x_wconf 91' lang='lat' dir='ltr'>quantum</span> <span class='ocrx_word' id='word_1_262' title='bbox 393 3983 462 4062; x_wconf 89' lang='lat' dir='ltr'>ipse</span> <span class='ocrx_word' id='word_1_263' title='bbox 486 3981 634 4062; x_wconf 92' lang='lat' dir='ltr'>polleret,</span> <span class='ocrx_word' id='word_1_264' title='bbox 660 4001 786 4052; x_wconf 89' lang='lat' dir='ltr'>summa</span> <span class='ocrx_word' id='word_1_265' title='bbox 810 4002 883 4044; x_wconf 93' lang='lat' dir='ltr'>cum</span> <span class='ocrx_word' id='word_1_266' title='bbox 899 3981 1002 4062; x_wconf 88' lang='lat' dir='ltr'>gloria</span> <span class='ocrx_word' id='word_1_267' title='bbox 1018 3981 1312 4056; x_wconf 88' lang='lat' dir='ltr'>demonstravisset,</span> 
     </span>
     <span class='ocr_line' id='line_1_32' title="bbox 123 4096 1314 4179; baseline 0.003 -24"><span class='ocrx_word' id='word_1_268' title='bbox 123 4103 249 4176; x_wconf 91' lang='lat' dir='ltr'>postea</span> <span class='ocrx_word' id='word_1_269' title='bbox 280 4096 479 4176; x_wconf 90' lang='lat' dir='ltr'>acquievisse</span> <span class='ocrx_word' id='word_1_270' title='bbox 513 4097 545 4159; x_wconf 96' lang='lat' dir='ltr'>in</span> <span class='ocrx_word' id='word_1_271' title='bbox 578 4097 642 4160; x_wconf 90' lang='lat' dir='ltr'>alio</span> <span class='ocrx_word' id='word_1_272' title='bbox 677 4099 833 4179; x_wconf 90' lang='lat' dir='ltr'>scriptore</span> <span class='ocrx_word' id='word_1_273' title='bbox 864 4097 905 4159; x_wconf 90' lang='lat' dir='ltr'>ad</span> <span class='ocrx_word' id='word_1_274' title='bbox 938 4096 1070 4158; x_wconf 90' lang='lat' dir='ltr'>verbum</span> <span class='ocrx_word' id='word_1_275' title='bbox 1094 4117 1192 4178; x_wconf 90' lang='lat' dir='ltr'>saepe</span> <span class='ocrx_word' id='word_1_276' title='bbox 1216 4106 1314 4159; x_wconf 89' lang='lat' dir='ltr'>trans·</span> 
     </span>
     <span class='ocr_line' id='line_1_33' title="bbox 123 4210 1315 4294; baseline 0.002 -22"><span class='ocrx_word' id='word_1_277' title='bbox 123 4210 313 4273; x_wconf 82' lang='lat' dir='ltr'>scribendo</span> <span class='ocrx_word' id='word_1_278' title='bbox 338 4247 382 4256; x_wconf 93' lang='lat'><strong>—</strong></span> <span class='ocrx_word' id='word_1_279' title='bbox 406 4212 453 4274; x_wconf 91' lang='lat' dir='ltr'>Ut</span> <span class='ocrx_word' id='word_1_280' title='bbox 475 4222 584 4275; x_wconf 89' lang='lat' dir='ltr'>autern</span> <span class='ocrx_word' id='word_1_281' title='bbox 608 4213 734 4294; x_wconf 90' lang='lat' dir='ltr'>planius</span> <span class='ocrx_word' id='word_1_282' title='bbox 759 4223 914 4294; x_wconf 90' lang='lat' dir='ltr'>appareat</span> <span class='ocrx_word' id='word_1_283' title='bbox 942 4221 975 4274; x_wconf 89' lang='lat' dir='ltr'>et</span> <span class='ocrx_word' id='word_1_284' title='bbox 997 4213 1030 4273; x_wconf 91' lang='lat' dir='ltr'>in</span> <span class='ocrx_word' id='word_1_285' title='bbox 1062 4212 1203 4275; x_wconf 92' lang='lat' dir='ltr'>historiis</span> <span class='ocrx_word' id='word_1_286' title='bbox 1227 4214 1315 4275; x_wconf 89' lang='lat' dir='ltr'>etin</span> 
     </span>
     <span class='ocr_line' id='line_1_34' title="bbox 122 4325 1315 4411; baseline 0.003 -25"><span class='ocrx_word' id='word_1_287' title='bbox 122 4325 302 4388; x_wconf 90' lang='lat' dir='ltr'>annalibus</span> <span class='ocrx_word' id='word_1_288' title='bbox 333 4331 566 4410; x_wconf 92' lang='lat' dir='ltr'>componendis</span> <span class='ocrx_word' id='word_1_289' title='bbox 590 4329 740 4392; x_wconf 87' lang='lat' dir='ltr'>Tacitum</span> <span class='ocrx_word' id='word_1_290' title='bbox 756 4349 883 4411; x_wconf 87' lang='lat' dir='ltr'>magna</span> <span class='ocrx_word' id='word_1_291' title='bbox 911 4329 1143 4410; x_wconf 82' lang='lat' dir='ltr'>diligentia-</span> <span class='ocrx_word' id='word_1_292' title='bbox 1167 4329 1315 4410; x_wconf 90' lang='lat' dir='ltr'>quamvis</span> 
     </span>
    </p>
   </div>
   <div class='ocr_carea' id='block_1_5' title="bbox 204 4465 1130 4623">
    <p class='ocr_par' dir='ltr' id='par_1_5' title="bbox 204 4465 1130 4623">
     <span class='ocr_line' id='line_1_35' title="bbox 204 4465 582 4536; baseline -0.008 0"><span class='ocrx_word' id='word_1_293' title='bbox 204 4465 248 4536; x_wconf 68' lang='lat'>⁹⁴)</span> <span class='ocrx_word' id='word_1_294' title='bbox 261 4469 278 4520; x_wconf 85' lang='lat'>1·</span> <span class='ocrx_word' id='word_1_295' title='bbox 297 4469 315 4518; x_wconf 88' lang='lat'>¹·</span> <span class='ocrx_word' id='word_1_296' title='bbox 336 4485 379 4534; x_wconf 76' lang='lat' dir='ltr'>rv-</span> <span class='ocrx_word' id='word_1_297' title='bbox 395 4480 445 4532; x_wconf 86' lang='lat'>317</span> <span class='ocrx_word' id='word_1_298' title='bbox 466 4486 502 4535; x_wconf 80' lang='lat' dir='ltr'>sn·</span> <span class='ocrx_word' id='word_1_299' title='bbox 522 4481 582 4533; x_wconf 84' lang='lat'><strong>3²5·</strong></span> 
     </span>
     <span class='ocr_line' id='line_1_36' title="bbox 1108 4560 1130 4623; baseline 0 0"><span class='ocrx_word' id='word_1_300' title='bbox 1108 4560 1130 4623; x_wconf 88' lang='grc'>4</span> 
     </span>
    </p>
   </div>
   <div class='ocr_carea' id='block_1_6' title="bbox 0 0 1614 5058">
    <p class='ocr_par' dir='ltr' id='par_1_6' title="bbox 0 0 1614 5058">
     <span class='ocr_line' id='line_1_37' title="bbox 0 0 1614 5058; baseline 0 3"><span class='ocrx_word' id='word_1_301' title='bbox 0 0 1614 5058; x_wconf 95' lang='lat' dir='ltr'> </span> 
     </span>
    </p>
   </div>
  </div>
 </body>
</html>
