3218 5058
1281 375 1337 461 ,55

165 588 255 642 tuam
290 578 400 660 fugere
438 598 502 640 non
539 577 659 659 possit,
700 597 789 639 cum
823 577 878 638 sit
912 576 950 637 in
988 574 1167 657 publicis
1200 574 1333 637 actis«

165 694 277 776 Atque
301 715 398 776 quam
422 693 500 756 levis
524 693 566 755 sit
588 692 726 756 Nissenii
750 702 992 772 ceterorumque
1027 691 1138 772 opinio
1173 689 1245 765 illa,
1286 690 1337 751 vel

165 811 239 874 inde
262 811 387 873 videtur
410 829 581 891 apparere,
607 809 694 890 quod
718 828 758 871 ne
781 808 897 871 Nissen
920 808 1067 889 quidem,
1100 807 1159 869 etsi
1184 807 1354 896 acerrime'

165 947 238 990 eam
261 926 411 1001 defendit,
437 945 555 1007 negare
577 926 675 988 audet
698 925 857 1000 Tacitum,
882 925 908 986 si
933 924 1053 986 nonin
1077 923 1203 1005 primis,
1240 931 1275 985 at
1305 923 1337 984 in

165 1042 371 1124 sequentibus
405 1041 493 1104 libris
532 1041 769 1104 conscribendis
808 1061 828 1103 a
871 1039 968 1102 solito
995 1039 1100 1108 ,fonte
1139 1039 1225 1101 haud
1264 1059 1336 1101 raro

164 1158 342 1221 deflexisse.
389 1157 477 1220 Dicit
501 1157 586 1219 enim
610 1156 652 1240 (p.
681 1155 769 1240 543):
801 1156 939 1218 »Fassen
955 1156 1011 1217 wir
1027 1154 1119 1217 Alles
1140 1175 1334 1230 zusammen,

165 1273 198 1334 so
222 1271 351 1349 erhellt,
391 1274 466 1335 dass
489 1273 572 1335 auch
595 1273 628 1335 in
650 1272 707 1333 der
730 1272 864 1335 zweiten
887 1270 1089 1352 Abtheilung
1121 1271 1178 1332 des
1213 1271 1335 1333 vierten

164 1389 228 1451 und
252 1388 376 1452 suniten
401 1389 525 1451 Buehs«
553 1387 650 1472 (dicit,
676 1397 711 1450 ut
734 1409 776 1450 ex
804 1408 834 1469 p.
863 1400 926 1466 540
949 1395 1092 1469 apparet,
1118 1407 1191 1449 eam
1209 1386 1336 1448 horum

163 1504 316 1567 librorum
339 1514 481 1586 partem,
508 1505 560 1567 ubi
584 1505 624 1567 de
647 1503 741 1566 rebus
765 1504 895 1566 orientis
918 1503 1041 1584 agitur,
1082 1503 1101 1565 i.
1126 1524 1153 1566 e.
1178 1502 1251 1566 hist.
1276 1503 1334 1565 IV,

165 1624 311 1699 81-—843
337 1621 378 1684 V.
408 1619 525 1704 1—13)
552 1620 621 1682 »die
644 1643 682 1682 zu
705 1619 824 1682 Plinius
847 1619 1040 1700 gemachten
1064 1618 1199 1681 Zusiitze
1231 1620 1336 1701 wenig

163 1737 324 1800 erheblich
347 1737 411 1800 und
435 1736 654 1818 umfangreich
679 1733 815 1818 smd¹⁰⁰).
877 1734 953 1797 Von
977 1735 1034 1797 der
1057 1734 1175 1797 dritten
1200 1733 1334 1797 Abthei-

163 1854 258 1935 lunge
286 1857 369 1938 (eam
393 1854 479 1928 dicit,
505 1852 558 1916 ubi
582 1853 714 1916 Tacitus
745 1852 786 1914 de
816 1851 910 1913 rebus
934 1851 965 1912 in
993 1850 1063 1932 ipsa
1093 1851 1201 1912 Roma
1233 1851 1333 1932 gestis

162 1969 311 2050 loquitur,
337 1970 355 2033 i.
381 1991 407 2032 e.
433 1969 505 2032 hist.
531 1969 587 2032 IV.
618 1986 732 2044 1—11‚
759 1970 899 2046 38—53,
927 1969 977 2041 80,
1005 1969 1043 2045 85
1070 1966 1131 2050 sq.)
1166 1966 1255 2028 »sind
1278 1968 1335 2029 wir

162 2106 224 2147 von
248 2085 438 2152 vornherein
461 2085 609 2166 geneigt,
631 2082 903 2164 dasGegentheil
934 2081 1172 2164 zu'zugestchen.
1238 2083 1333 2145 Denn

161 2220 253 2264 wenn
277 2200 408 2264 Tacitus
438 2223 464 2263 z.
490 2200 525 2262 B.
562 2199 620 2262 aus
650 2200 702 2262 die
724 2177 1036 2280 Lebensgeschichte
1054 2221 1056 2226 ·
1071 2199 1127 2260 des
1160 2197 1329 2261 Helvidius

71 2372 73 2376 .
161 2316 285 2379 Priscus
309 2316 439 2397 eingeht
462 2316 518 2379 IV.
547 2329 561 2394 5
598 2336 687 2378 »»res
711 2336 844 2397 poscere
868 2314 1001 2388 videtur,
1028 2315 1181 2395 quoniam
1216 2314 1332 2378 iterum

161 2432 193 2493 in
228 2433 425 2494 mentionem
461 2432 629 2495 incidimus
659 2432 716 2495 viri
756 2432 883 2512 saepius
913 2431 1129 2506 memorandi,
1163 2439 1198 2493 ut
1232 2431 1333 2494 vitam

161 2549 330 2630 studiaque
368 2547 436 2629 ejus
465 2557 497 2610 et
521 2547 627 2628 qualia
651 2547 778 2630 fortuna
813 2547 854 2609 sit
889 2567 972 2621 usus,
998 2547 1109 2628 paucis
1131 2556 1294 2628 repetam«
1304 2572 1330 2622 <‹,

162 2663 195 2725 so
218 2663 307 2727 stand
331 2665 410 2747 ihm
434 2664 682 2728 naturlicher
708 2665 845 2726 Weise
875 2664 1048 2727 anderes
1071 2661 1262 2726 Material
1292 2662 1332 2724 in

161 2779 188 2840 F
197 2778 280 2842 ulle
310 2801 377 2842 zur
401 2780 504 2843 Veri
509 2787 651 2861 ugung.
699 2779 857 2842 Dasselbe
880 2780 940 2861 gilt
963 2800 1028 2840 von
1051 2779 1113 2840 den
1137 2777 1332 2841 ausfilhrlich

161 2894 362 2958 berichteten'
400 2896 778 2978 Senatsverhandlungen
824 2895 1033 2978 uberhaupt«
1104 2895 1252 2975 Denique
1291 2915 1331 2956 ne

160 3011 238 3074 illud
261 3012 400 3092 quidem,
438 3021 473 3075 ut
496 3011 591 3094 plane
615 3013 825 3094 perspiciatur
848 3011 953 3073 Taciti
977 3011 1157 3092 diligentia,
1183 3011 1329 3074 omitten-

160 3127 237 3188 dum
260 3136 318 3203 est,
344 3128 431 3209 quod
452 3128 521 3209 jam
545 3128 664 3190 Clason
674 3126 724 3212 101)
748 3129 864 3191 attulit.
917 3127 1006 3190 Dicit
1037 3127 1121 3189 enim
1152 3125 1242 3189 illum
1265 3146 1330 3189 non

161 3242 202 3303 ad
226 3242 358 3312 verbum
382 3244 505 3307 iontem
534 3265 631 3307 unum
659 3241 804 3308 secutum
837 3265 906 3306 esse
936 3242 987 3305 vel
1016 3243 1090 3305 inde
1113 3241 1330 3324 colligendum

161 3379 238 3433 esse,
264 3360 351 3440 quod
375 3381 439 3422 uno
463 3360 536 3444 loco
560 3361 761 3442 apertissime
777 3360 989 3423 demonstrari
1009 3360 1112 3441 possit
1135 3359 1330 3432 contrarium

160 3495 233 3536 eum
257 3474 378 3537 iecisse.
427 3475 534 3557 Quam
548 3478 632 3539 enim
643 3477 822 3539 orationem
838 3476 878 3538 de
892 3475 962 3556 jure
986 3475 1145 3538 honorum
1162 3474 1330 3537 Gallorum

160 3611 179 3684 a
225 3589 359 3653 Claudio
401 3593 595 3673 imperatore
640 3592 784 3655 habitam
830 3611 902 3654 ann.
950 3590 1005 3653 XI.
1059 3608 1101 3669 24
1139 3591 1327 3667 invenimus

160 3726 311 3786 magnam
345 3717 470 3789 partem
505 3716 666 3770 servatam
702 3708 859 3771 habemus
898 3695 1023 3770 duobus
1063 3707 1180 3770 tabulis
1210 3708 1326 3783 aeneis

160 3843 241 3902 quae
264 3842 349 3885 anno
377 3837 461 3903 1524
484 3824 634 3905 Lugduni
657 3833 802 3906 repertae
826 3833 908 3886 sunt.
967 3823 1052 3885 Nam
1088 3825 1114 3886 si
1149 3824 1232 3886 hanc
1255 3843 1328 3886 cum

159 3957 196 4000 ea
204 3939 357 4002 orationis
373 3940 485 4016 forma,
504 3960 602 4022 quam
612 3940 744 4004 Tacitus
761 3939 901 4015 exhibet,
920 3959 1154 4022 comparamus
1168 3960 1328 4016 summam

164 4187 166 4194 ‚
231 4201 274 4272 ¹⁰⁰)
294 4205 358 4255 Aliis
376 4207 485 4256 lontibus
504 4215 577 4272 atquc
596 4207 672 4257 Plinii
690 4207 797 4256 historiis
816 4223 887 4256 usum
915 4224 967 4258 esse
986 4207 1101 4257 Tacitum
1128 4207 1243 4257 concedit
1268 4207 1325 4257 hist.

158 4305 203 4355 IV.
223 4303 266 4354 81.
288 4304 320 4368 83
340 4320 376 4368 sq.
395 4306 429 4354 V.
450 4305 466 4354 6
486 4321 521 4370 sq.
614 4337 616 4343 ·

230 4425 273 4497 101)
296 4430 378 4480 »Plut
400 4446 423 4482 u.
443 4432 523 4480 Tac«
544 4447 570 4494 p.
593 4443 634 4482 21.
655 4430 688 4480 cf.
712 4432 790 4481 »Tac.
811 4448 835 4484 u.
854 4433 936 4483 Suet«
957 4448 1001 4496 pp.
1026 4432 1074 4481 116
1093 4448 1146 4497 sqq.
