<?xml version="1.0" encoding="UTF-8"?>
<!DOCTYPE html PUBLIC "-//W3C//DTD XHTML 1.0 Transitional//EN"
    "http://www.w3.org/TR/xhtml1/DTD/xhtml1-transitional.dtd">
<html xmlns="http://www.w3.org/1999/xhtml" xml:lang="en" lang="en">
 <head>
  <title>
</title>
<meta http-equiv="Content-Type" content="text/html;charset=utf-8" />
  <meta name='ocr-system' content='tesseract 3.04.00' />
  <meta name='ocr-capabilities' content='ocr_page ocr_carea ocr_par ocr_line ocrx_word'/>
</head>
<body>
  <div class='ocr_page' id='page_1' title='image "./detacitoplutarc00langgoog_0032.png"; bbox 0 0 3218 5058; ppageno 0'>
   <div class='ocr_carea' id='block_1_1' title="bbox 263 417 305 479">
    <p class='ocr_par' dir='ltr' id='par_1_1' title="bbox 263 417 305 479">
     <span class='ocr_line' id='line_1_1' title="bbox 263 417 305 479; baseline 0.024 -1"><span class='ocrx_word' id='word_1_1' title='bbox 263 417 305 479; x_wconf 80' lang='lat'>28</span> 
     </span>
    </p>
   </div>
   <div class='ocr_carea' id='block_1_2' title="bbox 262 606 1431 692">
    <p class='ocr_par' dir='ltr' id='par_1_2' title="bbox 262 606 1431 692">
     <span class='ocr_line' id='line_1_2' title="bbox 262 606 1431 692; baseline 0.002 -24"><span class='ocrx_word' id='word_1_2' title='bbox 262 611 398 692; x_wconf 72' lang='lat' dir='ltr'>»aliquid</span> <span class='ocrx_word' id='word_1_3' title='bbox 422 612 454 673; x_wconf 94' lang='lat' dir='ltr'>in</span> <span class='ocrx_word' id='word_1_4' title='bbox 478 631 569 672; x_wconf 91' lang='lat' dir='ltr'>suam</span> <span class='ocrx_word' id='word_1_5' title='bbox 593 619 719 673; x_wconf 92' lang='lat' dir='ltr'>tantum</span> <span class='ocrx_word' id='word_1_6' title='bbox 743 609 885 690; x_wconf 85' lang='lat' dir='ltr'>linguam</span> <span class='ocrx_word' id='word_1_7' title='bbox 903 610 1132 672; x_wconf 88' lang='lat' dir='ltr'>transtulisse«.</span> <span class='ocrx_word' id='word_1_8' title='bbox 1166 606 1431 674; x_wconf 67' lang='lat' dir='ltr'>Interdum&#39;enim</span> 
     </span>
    </p>
   </div>
   <div class='ocr_carea' id='block_1_3' title="bbox 255 707 1431 2893">
    <p class='ocr_par' dir='ltr' id='par_1_3' title="bbox 255 707 1431 2893">
     <span class='ocr_line' id='line_1_3' title="bbox 257 707 1429 812; baseline -0.001 -24"><span class='ocrx_word' id='word_1_9' title='bbox 257 728 331 812; x_wconf 81' lang='lat' dir='ltr'>(qua</span> <span class='ocrx_word' id='word_1_10' title='bbox 355 727 395 789; x_wconf 92' lang='lat' dir='ltr'>de</span> <span class='ocrx_word' id='word_1_11' title='bbox 418 748 451 788; x_wconf 92' lang='lat' dir='ltr'>re</span> <span class='ocrx_word' id='word_1_12' title='bbox 473 726 541 807; x_wconf 90' lang='lat' dir='ltr'>jam</span> <span class='ocrx_word' id='word_1_13' title='bbox 565 748 661 808; x_wconf 90' lang='lat' dir='ltr'>supra</span> <span class='ocrx_word' id='word_1_14' title='bbox 685 725 838 808; x_wconf 85' lang='lat' dir='ltr'>egimus),</span> <span class='ocrx_word' id='word_1_15' title='bbox 864 747 946 806; x_wconf 90' lang='lat' dir='ltr'>quae</span> <span class='ocrx_word' id='word_1_16' title='bbox 970 707 1056 806; x_wconf 87' lang='lat' dir='ltr'>apud</span> <span class='ocrx_word' id='word_1_17' title='bbox 1080 727 1215 788; x_wconf 91' lang='lat' dir='ltr'>alterum</span> <span class='ocrx_word' id='word_1_18' title='bbox 1240 728 1429 808; x_wconf 80' lang='lat' dir='ltr'>scriptorem</span> 
     </span>
     <span class='ocr_line' id='line_1_4' title="bbox 257 842 1431 924; baseline 0 -20"><span class='ocrx_word' id='word_1_19' title='bbox 257 863 321 904; x_wconf 92' lang='lat' dir='ltr'>uno</span> <span class='ocrx_word' id='word_1_20' title='bbox 337 844 410 904; x_wconf 90' lang='lat' dir='ltr'>loco</span> <span class='ocrx_word' id='word_1_21' title='bbox 425 843 595 923; x_wconf 89' lang='lat' dir='ltr'>conjuncta</span> <span class='ocrx_word' id='word_1_22' title='bbox 611 843 822 911; x_wconf 89' lang='lat' dir='ltr'>inveniuntur,</span> <span class='ocrx_word' id='word_1_23' title='bbox 847 842 934 922; x_wconf 91' lang='lat' dir='ltr'>apud</span> <span class='ocrx_word' id='word_1_24' title='bbox 951 842 1086 903; x_wconf 92' lang='lat' dir='ltr'>alterum</span> <span class='ocrx_word' id='word_1_25' title='bbox 1100 843 1260 924; x_wconf 83' lang='lat' dir='ltr'>discerpta</span> <span class='ocrx_word' id='word_1_26' title='bbox 1284 852 1316 905; x_wconf 91' lang='lat' dir='ltr'>et</span> <span class='ocrx_word' id='word_1_27' title='bbox 1341 844 1431 904; x_wconf 89' lang='lat' dir='ltr'>dissi·</span> 
     </span>
     <span class='ocr_line' id='line_1_5' title="bbox 256 941 1430 1041; baseline 0 -21"><span class='ocrx_word' id='word_1_28' title='bbox 256 967 333 1041; x_wconf 92' lang='lat' dir='ltr'>pata</span> <span class='ocrx_word' id='word_1_29' title='bbox 362 969 446 1020; x_wconf 89' lang='lat' dir='ltr'>sunt.</span> <span class='ocrx_word' id='word_1_30' title='bbox 478 958 619 1019; x_wconf 92' lang='lat' dir='ltr'>Primum</span> <span class='ocrx_word' id='word_1_31' title='bbox 649 941 726 1018; x_wconf 79' lang='lat' dir='ltr'>uero</span> <span class='ocrx_word' id='word_1_32' title='bbox 757 978 812 1018; x_wconf 91' lang='lat' dir='ltr'>eos</span> <span class='ocrx_word' id='word_1_33' title='bbox 837 957 940 1032; x_wconf 62' lang='lat' dir='ltr'>locos</span> <span class='ocrx_word' id='word_1_34' title='bbox 974 958 1027 1018; x_wconf 92' lang='lat' dir='ltr'>ubi</span> <span class='ocrx_word' id='word_1_35' title='bbox 1051 958 1239 1021; x_wconf 80' lang='lat' dir='ltr'>Plutarchus</span> <span class='ocrx_word' id='word_1_36' title='bbox 1270 980 1320 1020; x_wconf 91' lang='lat' dir='ltr'>res</span> <span class='ocrx_word' id='word_1_37' title='bbox 1344 959 1430 1040; x_wconf 93' lang='lat' dir='ltr'>apud</span> 
     </span>
     <span class='ocr_line' id='line_1_6' title="bbox 257 1073 1425 1156; baseline -0.001 -19"><span class='ocrx_word' id='word_1_38' title='bbox 257 1075 406 1137; x_wconf 90' lang='lat' dir='ltr'>Tacitum</span> <span class='ocrx_word' id='word_1_39' title='bbox 418 1076 586 1136; x_wconf 86' lang='lat' dir='ltr'>distractas</span> <span class='ocrx_word' id='word_1_40' title='bbox 604 1095 668 1134; x_wconf 92' lang='lat' dir='ltr'>uno</span> <span class='ocrx_word' id='word_1_41' title='bbox 693 1075 766 1135; x_wconf 91' lang='lat' dir='ltr'>loco</span> <span class='ocrx_word' id='word_1_42' title='bbox 786 1073 1037 1154; x_wconf 86' lang='lat' dir='ltr'>comprehendit,</span> <span class='ocrx_word' id='word_1_43' title='bbox 1055 1074 1140 1136; x_wconf 88' lang='lat' dir='ltr'>haud</span> <span class='ocrx_word' id='word_1_44' title='bbox 1163 1075 1270 1156; x_wconf 87' lang='lat' dir='ltr'>magni</span> <span class='ocrx_word' id='word_1_45' title='bbox 1299 1076 1340 1136; x_wconf 91' lang='lat' dir='ltr'>ad</span> <span class='ocrx_word' id='word_1_46' title='bbox 1358 1095 1425 1136; x_wconf 91' lang='lat' dir='ltr'>rem</span> 
     </span>
     <span class='ocr_line' id='line_1_7' title="bbox 257 1189 1429 1271; baseline 0.001 -20"><span class='ocrx_word' id='word_1_47' title='bbox 257 1191 412 1252; x_wconf 83' lang='lat' dir='ltr'>momenti</span> <span class='ocrx_word' id='word_1_48' title='bbox 435 1212 504 1251; x_wconf 91' lang='lat' dir='ltr'>esse</span> <span class='ocrx_word' id='word_1_49' title='bbox 525 1210 581 1271; x_wconf 92' lang='lat' dir='ltr'>per</span> <span class='ocrx_word' id='word_1_50' title='bbox 603 1210 637 1251; x_wconf 89' lang='lat' dir='ltr'>se</span> <span class='ocrx_word' id='word_1_51' title='bbox 652 1198 795 1270; x_wconf 73' lang='lat' dir='ltr'>apparet,</span> <span class='ocrx_word' id='word_1_52' title='bbox 809 1209 912 1270; x_wconf 88' lang='lat' dir='ltr'>neque</span> <span class='ocrx_word' id='word_1_53' title='bbox 929 1191 1014 1250; x_wconf 92' lang='lat' dir='ltr'>enim</span> <span class='ocrx_word' id='word_1_54' title='bbox 1032 1189 1129 1251; x_wconf 89' lang='lat' dir='ltr'>ullam</span> <span class='ocrx_word' id='word_1_55' title='bbox 1152 1191 1247 1252; x_wconf 88' lang='lat' dir='ltr'>video</span> <span class='ocrx_word' id='word_1_56' title='bbox 1272 1211 1429 1264; x_wconf 84' lang='lat' dir='ltr'>caussam,</span> 
     </span>
     <span class='ocr_line' id='line_1_8' title="bbox 256 1305 1431 1388; baseline 0.001 -21"><span class='ocrx_word' id='word_1_57' title='bbox 256 1327 339 1387; x_wconf 91' lang='lat' dir='ltr'>quae</span> <span class='ocrx_word' id='word_1_58' title='bbox 351 1305 555 1367; x_wconf 88' lang='lat' dir='ltr'>Plutarchum</span> <span class='ocrx_word' id='word_1_59' title='bbox 568 1305 737 1386; x_wconf 87' lang='lat' dir='ltr'>prohibere</span> <span class='ocrx_word' id='word_1_60' title='bbox 748 1307 888 1386; x_wconf 88' lang='lat' dir='ltr'>potuerit</span> <span class='ocrx_word' id='word_1_61' title='bbox 901 1327 938 1366; x_wconf 92' lang='lat' dir='ltr'>ea</span> <span class='ocrx_word' id='word_1_62' title='bbox 954 1305 1156 1386; x_wconf 84' lang='lat' dir='ltr'>conjungere,</span> <span class='ocrx_word' id='word_1_63' title='bbox 1176 1327 1258 1386; x_wconf 90' lang='lat' dir='ltr'>quae</span> <span class='ocrx_word' id='word_1_64' title='bbox 1275 1307 1431 1388; x_wconf 92' lang='lat' dir='ltr'>dissipata</span> 
     </span>
     <span class='ocr_line' id='line_1_9' title="bbox 256 1419 1431 1502; baseline -0.001 -19"><span class='ocrx_word' id='word_1_65' title='bbox 256 1422 288 1483; x_wconf 90' lang='lat' dir='ltr'>in</span> <span class='ocrx_word' id='word_1_66' title='bbox 313 1421 401 1483; x_wconf 88' lang='lat' dir='ltr'>fonte</span> <span class='ocrx_word' id='word_1_67' title='bbox 417 1421 545 1483; x_wconf 89' lang='lat' dir='ltr'>invenit.</span> <span class='ocrx_word' id='word_1_68' title='bbox 564 1419 615 1482; x_wconf 84' lang='lat' dir='ltr'>Ac</span> <span class='ocrx_word' id='word_1_69' title='bbox 647 1441 687 1483; x_wconf 90' lang='lat' dir='ltr'>ne</span> <span class='ocrx_word' id='word_1_70' title='bbox 711 1421 748 1482; x_wconf 92' lang='lat' dir='ltr'>iis</span> <span class='ocrx_word' id='word_1_71' title='bbox 771 1422 901 1501; x_wconf 89' lang='lat' dir='ltr'>quidem</span> <span class='ocrx_word' id='word_1_72' title='bbox 925 1422 1019 1496; x_wconf 77' lang='lat' dir='ltr'>lociS,</span> <span class='ocrx_word' id='word_1_73' title='bbox 1045 1422 1098 1483; x_wconf 94' lang='lat' dir='ltr'>ubi</span> <span class='ocrx_word' id='word_1_74' title='bbox 1122 1423 1208 1502; x_wconf 93' lang='lat' dir='ltr'>apud</span> <span class='ocrx_word' id='word_1_75' title='bbox 1226 1421 1431 1483; x_wconf 85' lang='lat' dir='ltr'>Plutarchum</span> 
     </span>
     <span class='ocr_line' id='line_1_10' title="bbox 256 1536 1430 1618; baseline 0.001 -20"><span class='ocrx_word' id='word_1_76' title='bbox 256 1538 416 1618; x_wconf 86' lang='lat' dir='ltr'>discerpta</span> <span class='ocrx_word' id='word_1_77' title='bbox 434 1547 516 1612; x_wconf 88' lang='lat' dir='ltr'>sunt,</span> <span class='ocrx_word' id='word_1_78' title='bbox 543 1557 625 1618; x_wconf 90' lang='lat' dir='ltr'>quae</span> <span class='ocrx_word' id='word_1_79' title='bbox 641 1536 774 1599; x_wconf 88' lang='lat' dir='ltr'>Tacitus</span> <span class='ocrx_word' id='word_1_80' title='bbox 790 1537 960 1617; x_wconf 91' lang='lat' dir='ltr'>conjuncta</span> <span class='ocrx_word' id='word_1_81' title='bbox 977 1537 1083 1611; x_wconf 89' lang='lat' dir='ltr'>tradit,</span> <span class='ocrx_word' id='word_1_82' title='bbox 1109 1557 1216 1598; x_wconf 92' lang='lat' dir='ltr'>meam</span> <span class='ocrx_word' id='word_1_83' title='bbox 1239 1538 1430 1599; x_wconf 86' lang='lat' dir='ltr'>sententiam</span> 
     </span>
     <span class='ocr_line' id='line_1_11' title="bbox 255 1650 1428 1737; baseline 0 -23"><span class='ocrx_word' id='word_1_84' title='bbox 255 1652 408 1715; x_wconf 77' lang='lat' dir='ltr'>Infirmari</span> <span class='ocrx_word' id='word_1_85' title='bbox 432 1654 601 1715; x_wconf 88' lang='lat' dir='ltr'>contendo</span> <span class='ocrx_word' id='word_1_86' title='bbox 647 1653 769 1714; x_wconf 85' lang='lat' dir='ltr'>Omnes</span> <span class='ocrx_word' id='word_1_87' title='bbox 793 1653 877 1714; x_wconf 93' lang='lat' dir='ltr'>enim</span> <span class='ocrx_word' id='word_1_88' title='bbox 902 1652 964 1714; x_wconf 94' lang='lat' dir='ltr'>loci</span> <span class='ocrx_word' id='word_1_89' title='bbox 988 1654 1049 1714; x_wconf 92' lang='lat' dir='ltr'>huc</span> <span class='ocrx_word' id='word_1_90' title='bbox 1073 1654 1269 1734; x_wconf 90' lang='lat' dir='ltr'>pertinentes</span> <span class='ocrx_word' id='word_1_91' title='bbox 1279 1650 1316 1736; x_wconf 81' lang='grc'>58)</span> <span class='ocrx_word' id='word_1_92' title='bbox 1340 1653 1428 1737; x_wconf 85' lang='lat' dir='ltr'>(Tac.</span> 
     </span>
     <span class='ocr_line' id='line_1_12' title="bbox 256 1767 1429 1850; baseline 0.002 -20"><span class='ocrx_word' id='word_1_93' title='bbox 256 1769 328 1831; x_wconf 91' lang='lat' dir='ltr'>hist.</span> <span class='ocrx_word' id='word_1_94' title='bbox 355 1768 568 1830; x_wconf 73' lang='lat' dir='ltr'>16-Plut.</span> <span class='ocrx_word' id='word_1_95' title='bbox 603 1767 640 1830; x_wconf 91' lang='lat' dir='ltr'>G.</span> <span class='ocrx_word' id='word_1_96' title='bbox 678 1781 713 1846; x_wconf 79' lang='lat'>15</span> <span class='ocrx_word' id='word_1_97' title='bbox 741 1777 773 1829; x_wconf 93' lang='lat' dir='ltr'>et</span> <span class='ocrx_word' id='word_1_98' title='bbox 801 1784 837 1848; x_wconf 91' lang='lat'>17</span> <span class='ocrx_word' id='word_1_99' title='bbox 863 1769 903 1831; x_wconf 94' lang='lat' dir='ltr'>de</span> <span class='ocrx_word' id='word_1_100' title='bbox 927 1769 1114 1850; x_wconf 88' lang='lat' dir='ltr'>Turpiliano</span> <span class='ocrx_word' id='word_1_101' title='bbox 1139 1768 1325 1844; x_wconf 81' lang='lat' dir='ltr'>intersecto;</span> <span class='ocrx_word' id='word_1_102' title='bbox 1351 1768 1429 1832; x_wconf 88' lang='lat' dir='ltr'>Tac.</span> 
     </span>
     <span class='ocr_line' id='line_1_13' title="bbox 256 1883 1426 1960; baseline 0 -13"><span class='ocrx_word' id='word_1_103' title='bbox 256 1885 328 1947; x_wconf 90' lang='lat' dir='ltr'>hist.</span> <span class='ocrx_word' id='word_1_104' title='bbox 354 1885 367 1944; x_wconf 95' lang='grc' dir='ltr'>Ι</span> <span class='ocrx_word' id='word_1_105' title='bbox 392 1883 568 1947; x_wconf 89' lang='lat' dir='ltr'>8—Plut.</span> <span class='ocrx_word' id='word_1_106' title='bbox 600 1883 638 1945; x_wconf 90' lang='lat' dir='ltr'>G.</span> <span class='ocrx_word' id='word_1_107' title='bbox 669 1887 705 1945; x_wconf 89' lang='lat'>18</span> <span class='ocrx_word' id='word_1_108' title='bbox 731 1893 763 1946; x_wconf 95' lang='lat' dir='ltr'>et</span> <span class='ocrx_word' id='word_1_109' title='bbox 788 1901 827 1945; x_wconf 89' lang='lat'>22</span> <span class='ocrx_word' id='word_1_110' title='bbox 862 1885 902 1946; x_wconf 90' lang='lat' dir='ltr'>dc</span> <span class='ocrx_word' id='word_1_111' title='bbox 936 1883 1128 1946; x_wconf 88' lang='lat' dir='ltr'>Germanico</span> <span class='ocrx_word' id='word_1_112' title='bbox 1161 1885 1322 1960; x_wconf 75' lang='lat' dir='ltr'>exercitu3</span> <span class='ocrx_word' id='word_1_113' title='bbox 1349 1885 1426 1947; x_wconf 88' lang='lat' dir='ltr'>Tac.</span> 
     </span>
     <span class='ocr_line' id='line_1_14' title="bbox 255 1998 1427 2080; baseline 0.002 -20"><span class='ocrx_word' id='word_1_114' title='bbox 255 1999 327 2061; x_wconf 92' lang='lat' dir='ltr'>hist.</span> <span class='ocrx_word' id='word_1_115' title='bbox 354 2001 367 2060; x_wconf 95' lang='lat'>1</span> <span class='ocrx_word' id='word_1_116' title='bbox 393 2015 431 2079; x_wconf 85' lang='lat'>72</span> <span class='ocrx_word' id='word_1_117' title='bbox 449 2037 493 2044; x_wconf 83' lang='lat'>-</span> <span class='ocrx_word' id='word_1_118' title='bbox 516 1999 596 2061; x_wconf 92' lang='lat' dir='ltr'>Plut.</span> <span class='ocrx_word' id='word_1_119' title='bbox 623 1998 661 2061; x_wconf 88' lang='lat' dir='ltr'>G.</span> <span class='ocrx_word' id='word_1_120' title='bbox 692 2015 728 2080; x_wconf 90' lang='lat'>17</span> <span class='ocrx_word' id='word_1_121' title='bbox 754 2001 794 2061; x_wconf 89' lang='lat' dir='ltr'>in.</span> <span class='ocrx_word' id='word_1_122' title='bbox 821 2010 853 2063; x_wconf 91' lang='lat' dir='ltr'>et</span> <span class='ocrx_word' id='word_1_123' title='bbox 876 2011 957 2062; x_wconf 85' lang='lat' dir='ltr'>extr.</span> <span class='ocrx_word' id='word_1_124' title='bbox 983 2011 1015 2062; x_wconf 92' lang='lat' dir='ltr'>et</span> <span class='ocrx_word' id='word_1_125' title='bbox 1039 2000 1078 2062; x_wconf 93' lang='lat' dir='ltr'>O.</span> <span class='ocrx_word' id='word_1_126' title='bbox 1106 2017 1122 2061; x_wconf 87' lang='lat'><strong>2</strong></span> <span class='ocrx_word' id='word_1_127' title='bbox 1149 2001 1189 2063; x_wconf 94' lang='lat' dir='ltr'>de</span> <span class='ocrx_word' id='word_1_128' title='bbox 1217 2000 1353 2062; x_wconf 78' lang='lat' dir='ltr'>Solonio</span> <span class='ocrx_word' id='word_1_129' title='bbox 1377 2000 1427 2062; x_wconf 90' lang='lat' dir='ltr'>Ti-</span> 
     </span>
     <span class='ocr_line' id='line_1_15' title="bbox 257 2114 1431 2198; baseline 0.003 -23"><span class='ocrx_word' id='word_1_130' title='bbox 257 2114 388 2197; x_wconf 88' lang='lat' dir='ltr'>gellino)</span> <span class='ocrx_word' id='word_1_131' title='bbox 413 2115 445 2176; x_wconf 92' lang='lat' dir='ltr'>in</span> <span class='ocrx_word' id='word_1_132' title='bbox 469 2137 506 2176; x_wconf 91' lang='lat' dir='ltr'>ea</span> <span class='ocrx_word' id='word_1_133' title='bbox 531 2114 654 2177; x_wconf 86' lang='lat' dir='ltr'>Galbae</span> <span class='ocrx_word' id='word_1_134' title='bbox 678 2117 763 2177; x_wconf 89' lang='lat' dir='ltr'>vitae</span> <span class='ocrx_word' id='word_1_135' title='bbox 787 2126 878 2197; x_wconf 89' lang='lat' dir='ltr'>parte</span> <span class='ocrx_word' id='word_1_136' title='bbox 894 2117 1103 2192; x_wconf 89' lang='lat' dir='ltr'>inveniuntur,</span> <span class='ocrx_word' id='word_1_137' title='bbox 1129 2118 1161 2178; x_wconf 94' lang='lat' dir='ltr'>in</span> <span class='ocrx_word' id='word_1_138' title='bbox 1185 2137 1257 2198; x_wconf 89' lang='lat' dir='ltr'>qua,</span> <span class='ocrx_word' id='word_1_139' title='bbox 1283 2126 1431 2198; x_wconf 90' lang='lat' dir='ltr'>utsupra</span> 
     </span>
     <span class='ocr_line' id='line_1_16' title="bbox 256 2231 1428 2314; baseline 0.003 -22"><span class='ocrx_word' id='word_1_140' title='bbox 256 2231 451 2305; x_wconf 91' lang='lat' dir='ltr'>dictumest,</span> <span class='ocrx_word' id='word_1_141' title='bbox 476 2231 666 2293; x_wconf 87' lang='lat' dir='ltr'>Plutarchus</span> <span class='ocrx_word' id='word_1_142' title='bbox 690 2253 763 2294; x_wconf 93' lang='lat' dir='ltr'>cum</span> <span class='ocrx_word' id='word_1_143' title='bbox 787 2233 903 2294; x_wconf 88' lang='lat' dir='ltr'>Tacito</span> <span class='ocrx_word' id='word_1_144' title='bbox 927 2232 1009 2294; x_wconf 88' lang='lat' dir='ltr'>hanc</span> <span class='ocrx_word' id='word_1_145' title='bbox 1033 2233 1076 2294; x_wconf 95' lang='lat' dir='ltr'>ob</span> <span class='ocrx_word' id='word_1_146' title='bbox 1099 2254 1166 2294; x_wconf 89' lang='lat' dir='ltr'>rem</span> <span class='ocrx_word' id='word_1_147' title='bbox 1183 2254 1248 2295; x_wconf 89' lang='lat' dir='ltr'>non</span> <span class='ocrx_word' id='word_1_148' title='bbox 1271 2235 1428 2314; x_wconf 90' lang='lat' dir='ltr'>congruit,</span> 
     </span>
     <span class='ocr_line' id='line_1_17' title="bbox 256 2346 1430 2427; baseline 0.003 -19"><span class='ocrx_word' id='word_1_149' title='bbox 256 2348 344 2427; x_wconf 92' lang='lat' dir='ltr'>quod</span> <span class='ocrx_word' id='word_1_150' title='bbox 368 2347 420 2408; x_wconf 95' lang='lat' dir='ltr'>hic</span> <span class='ocrx_word' id='word_1_151' title='bbox 452 2346 494 2409; x_wconf 92' lang='lat' dir='ltr'>ab</span> <span class='ocrx_word' id='word_1_152' title='bbox 527 2347 618 2409; x_wconf 91' lang='lat' dir='ltr'>initio</span> <span class='ocrx_word' id='word_1_153' title='bbox 642 2349 771 2409; x_wconf 90' lang='lat' dir='ltr'>demum</span> <span class='ocrx_word' id='word_1_154' title='bbox 795 2349 869 2409; x_wconf 93' lang='lat' dir='ltr'>anni</span> <span class='ocrx_word' id='word_1_155' title='bbox 894 2349 936 2427; x_wconf 89' lang='lat'>69</span> <span class='ocrx_word' id='word_1_156' title='bbox 968 2369 1017 2409; x_wconf 89' lang='lat' dir='ltr'>res</span> <span class='ocrx_word' id='word_1_157' title='bbox 1041 2350 1223 2423; x_wconf 90' lang='lat' dir='ltr'>ennaravit,</span> <span class='ocrx_word' id='word_1_158' title='bbox 1249 2349 1293 2410; x_wconf 94' lang='lat' dir='ltr'>illi</span> <span class='ocrx_word' id='word_1_159' title='bbox 1318 2359 1430 2412; x_wconf 89' lang='lat' dir='ltr'>contra</span> 
     </span>
     <span class='ocr_line' id='line_1_18' title="bbox 257 2463 1429 2544; baseline 0.003 -21"><span class='ocrx_word' id='word_1_160' title='bbox 257 2483 294 2523; x_wconf 90' lang='lat' dir='ltr'>ea</span> <span class='ocrx_word' id='word_1_161' title='bbox 319 2483 465 2543; x_wconf 90' lang='lat' dir='ltr'>quoque,</span> <span class='ocrx_word' id='word_1_162' title='bbox 500 2483 582 2544; x_wconf 90' lang='lat' dir='ltr'>quae</span> <span class='ocrx_word' id='word_1_163' title='bbox 621 2472 716 2526; x_wconf 82' lang='lat' dir='ltr'>ant’ea</span> <span class='ocrx_word' id='word_1_164' title='bbox 739 2465 935 2538; x_wconf 91' lang='lat' dir='ltr'>acciderant,</span> <span class='ocrx_word' id='word_1_165' title='bbox 962 2463 1125 2525; x_wconf 80' lang='lat' dir='ltr'>reserenda</span> <span class='ocrx_word' id='word_1_166' title='bbox 1150 2463 1283 2526; x_wconf 87' lang='lat' dir='ltr'>suerunt.</span> <span class='ocrx_word' id='word_1_167' title='bbox 1332 2467 1367 2527; x_wconf 94' lang='lat' dir='ltr'>In</span> <span class='ocrx_word' id='word_1_168' title='bbox 1391 2487 1429 2527; x_wconf 91' lang='lat' dir='ltr'>ea</span> 
     </span>
     <span class='ocr_line' id='line_1_19' title="bbox 256 2579 1429 2661; baseline 0.003 -23"><span class='ocrx_word' id='word_1_169' title='bbox 256 2588 364 2639; x_wconf 90' lang='lat' dir='ltr'>autem</span> <span class='ocrx_word' id='word_1_170' title='bbox 397 2587 503 2659; x_wconf 89' lang='lat' dir='ltr'>parte,</span> <span class='ocrx_word' id='word_1_171' title='bbox 541 2580 593 2641; x_wconf 90' lang='lat' dir='ltr'>ubi</span> <span class='ocrx_word' id='word_1_172' title='bbox 627 2579 777 2642; x_wconf 91' lang='lat' dir='ltr'>Tacitum</span> <span class='ocrx_word' id='word_1_173' title='bbox 808 2579 959 2641; x_wconf 90' lang='lat' dir='ltr'>adhibere</span> <span class='ocrx_word' id='word_1_174' title='bbox 989 2580 1109 2661; x_wconf 92' lang='lat' dir='ltr'>potuit,</span> <span class='ocrx_word' id='word_1_175' title='bbox 1145 2579 1266 2640; x_wconf 93' lang='lat' dir='ltr'>nullum</span> <span class='ocrx_word' id='word_1_176' title='bbox 1302 2582 1429 2642; x_wconf 92' lang='lat' dir='ltr'>invenio</span> 
     </span>
     <span class='ocr_line' id='line_1_20' title="bbox 256 2685 1427 2778; baseline 0.002 -23"><span class='ocrx_word' id='word_1_177' title='bbox 256 2694 373 2769; x_wconf 91' lang='lat' dir='ltr'>locum,</span> <span class='ocrx_word' id='word_1_178' title='bbox 400 2716 465 2776; x_wconf 94' lang='lat' dir='ltr'>quo</span> <span class='ocrx_word' id='word_1_179' title='bbox 489 2715 535 2770; x_wconf 88' lang='lat' dir='ltr'>ea,</span> <span class='ocrx_word' id='word_1_180' title='bbox 561 2716 644 2777; x_wconf 90' lang='lat' dir='ltr'>quae</span> <span class='ocrx_word' id='word_1_181' title='bbox 668 2685 919 2778; x_wconf 48' lang='lat' dir='ltr'>apud&#39;Tacitum</span> <span class='ocrx_word' id='word_1_182' title='bbox 944 2694 1175 2776; x_wconf 88' lang='lat' dir='ltr'>comprehensa</span> <span class='ocrx_word' id='word_1_183' title='bbox 1199 2705 1337 2768; x_wconf 90' lang='lat' dir='ltr'>exstant,</span> <span class='ocrx_word' id='word_1_184' title='bbox 1363 2716 1427 2757; x_wconf 91' lang='lat' dir='ltr'>non</span> 
     </span>
     <span class='ocr_line' id='line_1_21' title="bbox 255 2810 831 2893; baseline 0.002 -22"><span class='ocrx_word' id='word_1_185' title='bbox 255 2810 445 2872; x_wconf 88' lang='lat' dir='ltr'>Plutarchus</span> <span class='ocrx_word' id='word_1_186' title='bbox 468 2832 597 2893; x_wconf 89' lang='lat' dir='ltr'>quoque</span> <span class='ocrx_word' id='word_1_187' title='bbox 621 2813 831 2893; x_wconf 87' lang='lat' dir='ltr'>conjunxerit.</span> 
     </span>
    </p>
   </div>
   <div class='ocr_carea' id='block_1_4' title="bbox 255 2948 1429 4076">
    <p class='ocr_par' dir='ltr' id='par_1_4' title="bbox 255 2948 1429 4076">
     <span class='ocr_line' id='line_1_22' title="bbox 323 2948 1428 3033; baseline -0.002 -19"><span class='ocrx_word' id='word_1_188' title='bbox 323 2954 447 3027; x_wconf 87' lang='lat' dir='ltr'>Restat,</span> <span class='ocrx_word' id='word_1_189' title='bbox 462 2962 497 3015; x_wconf 93' lang='lat' dir='ltr'>ut</span> <span class='ocrx_word' id='word_1_190' title='bbox 512 2955 553 3015; x_wconf 91' lang='lat' dir='ltr'>ad</span> <span class='ocrx_word' id='word_1_191' title='bbox 569 2953 771 3016; x_wconf 79' lang='lat' dir='ltr'>refutandum</span> <span class='ocrx_word' id='word_1_192' title='bbox 795 2954 827 3014; x_wconf 93' lang='lat' dir='ltr'>id</span> <span class='ocrx_word' id='word_1_193' title='bbox 851 2961 1084 3032; x_wconf 86' lang='lat' dir='ltr'>argumentum,</span> <span class='ocrx_word' id='word_1_194' title='bbox 1109 2951 1197 3031; x_wconf 93' lang='lat' dir='ltr'>quod</span> <span class='ocrx_word' id='word_1_195' title='bbox 1220 2951 1278 3012; x_wconf 90' lang='lat' dir='ltr'>viri</span> <span class='ocrx_word' id='word_1_196' title='bbox 1290 2952 1377 3012; x_wconf 87' lang='lat' dir='ltr'>docti</span> <span class='ocrx_word' id='word_1_197' title='bbox 1390 2948 1428 3033; x_wconf 73' lang='grc'>59)</span> 
     </span>
     <span class='ocr_line' id='line_1_23' title="bbox 256 3066 1425 3150; baseline 0 -21"><span class='ocrx_word' id='word_1_198' title='bbox 256 3069 329 3131; x_wconf 91' lang='lat' dir='ltr'>inde</span> <span class='ocrx_word' id='word_1_199' title='bbox 352 3078 474 3150; x_wconf 90' lang='lat' dir='ltr'>petunt,</span> <span class='ocrx_word' id='word_1_200' title='bbox 501 3071 588 3150; x_wconf 91' lang='lat' dir='ltr'>quod</span> <span class='ocrx_word' id='word_1_201' title='bbox 611 3068 770 3132; x_wconf 89' lang='lat' dir='ltr'>Plutarchi</span> <span class='ocrx_word' id='word_1_202' title='bbox 794 3069 876 3129; x_wconf 88' lang='lat' dir='ltr'>vitas</span> <span class='ocrx_word' id='word_1_203' title='bbox 901 3066 1025 3129; x_wconf 87' lang='lat' dir='ltr'>Galbae</span> <span class='ocrx_word' id='word_1_204' title='bbox 1049 3077 1081 3128; x_wconf 92' lang='lat' dir='ltr'>et</span> <span class='ocrx_word' id='word_1_205' title='bbox 1105 3066 1245 3129; x_wconf 86' lang='lat' dir='ltr'>Othonis</span> <span class='ocrx_word' id='word_1_206' title='bbox 1268 3077 1343 3129; x_wconf 89' lang='lat' dir='ltr'>ante</span> <span class='ocrx_word' id='word_1_207' title='bbox 1365 3069 1425 3148; x_wconf 92' lang='lat' dir='ltr'>pri·</span> 
     </span>
     <span class='ocr_line' id='line_1_24' title="bbox 256 3183 1427 3266; baseline -0.001 -21"><span class='ocrx_word' id='word_1_208' title='bbox 256 3204 330 3246; x_wconf 91' lang='lat' dir='ltr'>mos</span> <span class='ocrx_word' id='word_1_209' title='bbox 354 3185 558 3246; x_wconf 89' lang='lat' dir='ltr'>historiarum</span> <span class='ocrx_word' id='word_1_210' title='bbox 589 3185 686 3246; x_wconf 89' lang='lat' dir='ltr'>libros</span> <span class='ocrx_word' id='word_1_211' title='bbox 716 3185 852 3266; x_wconf 89' lang='lat' dir='ltr'>scriptas</span> <span class='ocrx_word' id='word_1_212' title='bbox 876 3205 946 3245; x_wconf 88' lang='lat' dir='ltr'>esse</span> <span class='ocrx_word' id='word_1_213' title='bbox 969 3184 1097 3258; x_wconf 89' lang='lat' dir='ltr'>dicunt,</span> <span class='ocrx_word' id='word_1_214' title='bbox 1135 3183 1274 3245; x_wconf 89' lang='lat' dir='ltr'>breviter</span> <span class='ocrx_word' id='word_1_215' title='bbox 1308 3184 1339 3244; x_wconf 95' lang='lat' dir='ltr'>in</span> <span class='ocrx_word' id='word_1_216' title='bbox 1365 3204 1427 3244; x_wconf 89' lang='lat' dir='ltr'>mc·</span> 
     </span>
     <span class='ocr_line' id='line_1_25' title="bbox 257 3299 1429 3381; baseline -0.001 -20"><span class='ocrx_word' id='word_1_217' title='bbox 257 3301 392 3362; x_wconf 91' lang='lat' dir='ltr'>moriam</span> <span class='ocrx_word' id='word_1_218' title='bbox 416 3301 611 3381; x_wconf 86' lang='lat' dir='ltr'>redigamus,</span> <span class='ocrx_word' id='word_1_219' title='bbox 643 3321 726 3380; x_wconf 87' lang='lat' dir='ltr'>quae</span> <span class='ocrx_word' id='word_1_220' title='bbox 758 3300 825 3380; x_wconf 88' lang='lat' dir='ltr'>jam</span> <span class='ocrx_word' id='word_1_221' title='bbox 850 3321 947 3380; x_wconf 89' lang='lat' dir='ltr'>supra</span> <span class='ocrx_word' id='word_1_222' title='bbox 970 3300 1278 3377; x_wconf 85' lang='lat' dir='ltr'>demonstravimus,</span> <span class='ocrx_word' id='word_1_223' title='bbox 1315 3299 1429 3380; x_wconf 90' lang='lat' dir='ltr'>proba-</span> 
     </span>
     <span class='ocr_line' id='line_1_26' title="bbox 255 3413 1426 3496; baseline -0.003 -18"><span class='ocrx_word' id='word_1_224' title='bbox 255 3415 349 3478; x_wconf 91' lang='lat' dir='ltr'>bilius</span> <span class='ocrx_word' id='word_1_225' title='bbox 365 3417 464 3477; x_wconf 91' lang='lat' dir='ltr'>videri</span> <span class='ocrx_word' id='word_1_226' title='bbox 480 3416 685 3477; x_wconf 90' lang='lat' dir='ltr'>Plutarchum</span> <span class='ocrx_word' id='word_1_227' title='bbox 701 3425 776 3496; x_wconf 90' lang='lat' dir='ltr'>post</span> <span class='ocrx_word' id='word_1_228' title='bbox 786 3416 936 3477; x_wconf 90' lang='lat' dir='ltr'>Tacitum</span> <span class='ocrx_word' id='word_1_229' title='bbox 953 3413 1077 3478; x_wconf 87' lang='lat' dir='ltr'>Galbae</span> <span class='ocrx_word' id='word_1_230' title='bbox 1093 3426 1126 3478; x_wconf 89' lang='lat' dir='ltr'>ct</span> <span class='ocrx_word' id='word_1_231' title='bbox 1142 3415 1282 3477; x_wconf 90' lang='lat' dir='ltr'>Othonis</span> <span class='ocrx_word' id='word_1_232' title='bbox 1298 3425 1426 3496; x_wconf 89' lang='lat' dir='ltr'>tempus</span> 
     </span>
     <span class='ocr_line' id='line_1_27' title="bbox 256 3530 1429 3612; baseline -0.003 -19"><span class='ocrx_word' id='word_1_233' title='bbox 256 3532 477 3611; x_wconf 88' lang='lat' dir='ltr'>descripsisse,</span> <span class='ocrx_word' id='word_1_234' title='bbox 510 3540 544 3592; x_wconf 93' lang='lat' dir='ltr'>ut</span> <span class='ocrx_word' id='word_1_235' title='bbox 574 3531 651 3592; x_wconf 89' lang='lat' dir='ltr'>satis</span> <span class='ocrx_word' id='word_1_236' title='bbox 682 3541 838 3612; x_wconf 87' lang='lat' dir='ltr'>appareat</span> <span class='ocrx_word' id='word_1_237' title='bbox 868 3531 945 3592; x_wconf 89' lang='lat' dir='ltr'>nihil</span> <span class='ocrx_word' id='word_1_238' title='bbox 969 3553 1028 3593; x_wconf 92' lang='lat' dir='ltr'>nos</span> <span class='ocrx_word' id='word_1_239' title='bbox 1052 3532 1224 3612; x_wconf 85' lang='lat' dir='ltr'>impedire,</span> <span class='ocrx_word' id='word_1_240' title='bbox 1257 3530 1429 3610; x_wconf 90' lang='lat' dir='ltr'>quominus</span> 
     </span>
     <span class='ocr_line' id='line_1_28' title="bbox 255 3645 1423 3728; baseline -0.002 -20"><span class='ocrx_word' id='word_1_241' title='bbox 255 3656 405 3728; x_wconf 91' lang='lat' dir='ltr'>putemus</span> <span class='ocrx_word' id='word_1_242' title='bbox 436 3667 509 3707; x_wconf 92' lang='lat' dir='ltr'>eum</span> <span class='ocrx_word' id='word_1_243' title='bbox 533 3645 637 3708; x_wconf 90' lang='lat' dir='ltr'>Taciti</span> <span class='ocrx_word' id='word_1_244' title='bbox 668 3646 819 3708; x_wconf 91' lang='lat' dir='ltr'>historias</span> <span class='ocrx_word' id='word_1_245' title='bbox 852 3657 907 3709; x_wconf 90' lang='lat' dir='ltr'>aut</span> <span class='ocrx_word' id='word_1_246' title='bbox 930 3648 1051 3728; x_wconf 89' lang='lat' dir='ltr'>primos</span> <span class='ocrx_word' id='word_1_247' title='bbox 1087 3666 1196 3708; x_wconf 88' lang='lat' dir='ltr'>earum</span> <span class='ocrx_word' id='word_1_248' title='bbox 1228 3646 1325 3706; x_wconf 90' lang='lat' dir='ltr'>libros</span> <span class='ocrx_word' id='word_1_249' title='bbox 1355 3654 1423 3706; x_wconf 90' lang='lat' dir='ltr'>tum</span> 
     </span>
     <span class='ocr_line' id='line_1_29' title="bbox 256 3759 1422 3837; baseline -0.002 -15"><span class='ocrx_word' id='word_1_250' title='bbox 256 3763 287 3822; x_wconf 91' lang='lat' dir='ltr'>in</span> <span class='ocrx_word' id='word_1_251' title='bbox 308 3760 455 3823; x_wconf 91' lang='lat' dir='ltr'>manibus</span> <span class='ocrx_word' id='word_1_252' title='bbox 479 3761 638 3837; x_wconf 88' lang='lat' dir='ltr'>habuisse,</span> <span class='ocrx_word' id='word_1_253' title='bbox 663 3783 737 3824; x_wconf 89' lang='lat' dir='ltr'>cum</span> <span class='ocrx_word' id='word_1_254' title='bbox 761 3765 802 3825; x_wconf 94' lang='lat' dir='ltr'>ad</span> <span class='ocrx_word' id='word_1_255' title='bbox 818 3762 941 3825; x_wconf 87' lang='lat' dir='ltr'>Galbae</span> <span class='ocrx_word' id='word_1_256' title='bbox 965 3771 997 3824; x_wconf 89' lang='lat' dir='ltr'>et</span> <span class='ocrx_word' id='word_1_257' title='bbox 1017 3762 1156 3825; x_wconf 92' lang='lat' dir='ltr'>Othonis</span> <span class='ocrx_word' id='word_1_258' title='bbox 1180 3762 1263 3822; x_wconf 92' lang='lat' dir='ltr'>vitas</span> <span class='ocrx_word' id='word_1_259' title='bbox 1287 3759 1422 3821; x_wconf 92' lang='lat' dir='ltr'>conscri-</span> 
     </span>
     <span class='ocr_line' id='line_1_30' title="bbox 255 3876 1426 3959; baseline -0.002 -21"><span class='ocrx_word' id='word_1_260' title='bbox 255 3876 376 3939; x_wconf 91' lang='lat' dir='ltr'>bendas</span> <span class='ocrx_word' id='word_1_261' title='bbox 405 3878 580 3939; x_wconf 91' lang='lat' dir='ltr'>accederet.</span> <span class='ocrx_word' id='word_1_262' title='bbox 628 3878 713 3940; x_wconf 94' lang='lat' dir='ltr'>Nam</span> <span class='ocrx_word' id='word_1_263' title='bbox 746 3879 909 3941; x_wconf 90' lang='lat' dir='ltr'>celerrime</span> <span class='ocrx_word' id='word_1_264' title='bbox 943 3878 999 3940; x_wconf 93' lang='lat' dir='ltr'>illo</span> <span class='ocrx_word' id='word_1_265' title='bbox 1029 3888 1175 3959; x_wconf 89' lang='lat' dir='ltr'>tempore</span> <span class='ocrx_word' id='word_1_266' title='bbox 1208 3876 1306 3938; x_wconf 89' lang='lat' dir='ltr'>libros</span> <span class='ocrx_word' id='word_1_267' title='bbox 1330 3876 1426 3937; x_wconf 90' lang='lat' dir='ltr'>etiam</span> 
     </span>
     <span class='ocr_line' id='line_1_31' title="bbox 256 3989 1429 4076; baseline -0.001 -23"><span class='ocrx_word' id='word_1_268' title='bbox 256 3993 287 4053; x_wconf 92' lang='lat' dir='ltr'>in</span> <span class='ocrx_word' id='word_1_269' title='bbox 304 3993 484 4073; x_wconf 91' lang='lat' dir='ltr'>provincias</span> <span class='ocrx_word' id='word_1_270' title='bbox 507 3994 649 4075; x_wconf 89' lang='lat' dir='ltr'>perlatos</span> <span class='ocrx_word' id='word_1_271' title='bbox 672 4015 742 4056; x_wconf 89' lang='lat' dir='ltr'>esse</span> <span class='ocrx_word' id='word_1_272' title='bbox 766 3995 890 4076; x_wconf 89' lang='lat' dir='ltr'>optime</span> <span class='ocrx_word' id='word_1_273' title='bbox 913 4015 955 4055; x_wconf 91' lang='lat' dir='ltr'>ex</span> <span class='ocrx_word' id='word_1_274' title='bbox 967 3993 1123 4055; x_wconf 85' lang='lat' dir='ltr'>Martialis</span> <span class='ocrx_word' id='word_1_275' title='bbox 1139 3992 1381 4075; x_wconf 88' lang='lat' dir='ltr'>epigrammatis</span> <span class='ocrx_word' id='word_1_276' title='bbox 1391 3989 1429 4072; x_wconf 74' lang='grc'>60)</span> 
     </span>
    </p>
   </div>
   <div class='ocr_carea' id='block_1_5' title="bbox 258 4137 470 4144">
    <p class='ocr_par' dir='ltr' id='par_1_5' title="bbox 258 4137 470 4144">
     <span class='ocr_line' id='line_1_32' title="bbox 258 4137 470 4144; baseline 0.005 -1"><span class='ocrx_word' id='word_1_277' title='bbox 258 4137 470 4144; x_wconf 69' lang='lat'>——.---—.</span> 
     </span>
    </p>
   </div>
   <div class='ocr_carea' id='block_1_6' title="bbox 327 4229 1362 4497">
    <p class='ocr_par' dir='ltr' id='par_1_6' title="bbox 327 4229 1362 4497">
     <span class='ocr_line' id='line_1_33' title="bbox 331 4229 1052 4300; baseline 0.001 -19"><span class='ocrx_word' id='word_1_278' title='bbox 331 4229 364 4300; x_wconf 80' lang='lat'>⁵⁸)</span> <span class='ocrx_word' id='word_1_279' title='bbox 384 4233 421 4282; x_wconf 88' lang='lat' dir='ltr'>cs.</span> <span class='ocrx_word' id='word_1_280' title='bbox 440 4249 504 4297; x_wconf 86' lang='lat' dir='ltr'>quae</span> <span class='ocrx_word' id='word_1_281' title='bbox 523 4235 554 4282; x_wconf 91' lang='lat' dir='ltr'>de</span> <span class='ocrx_word' id='word_1_282' title='bbox 572 4235 610 4282; x_wconf 88' lang='lat' dir='ltr'>his</span> <span class='ocrx_word' id='word_1_283' title='bbox 628 4236 699 4282; x_wconf 87' lang='lat' dir='ltr'>Peter</span> <span class='ocrx_word' id='word_1_284' title='bbox 718 4234 769 4283; x_wconf 91' lang='lat'>1.1.</span> <span class='ocrx_word' id='word_1_285' title='bbox 789 4251 830 4298; x_wconf 90' lang='lat' dir='ltr'>pp.</span> <span class='ocrx_word' id='word_1_286' title='bbox 845 4247 878 4297; x_wconf 80' lang='lat'>43</span> <span class='ocrx_word' id='word_1_287' title='bbox 893 4251 930 4298; x_wconf 85' lang='lat' dir='ltr'>sq.</span> <span class='ocrx_word' id='word_1_288' title='bbox 950 4235 1052 4282; x_wconf 85' lang='lat' dir='ltr'>disserit.</span> 
     </span>
     <span class='ocr_line' id='line_1_34' title="bbox 327 4328 1362 4398; baseline 0.001 -19"><span class='ocrx_word' id='word_1_289' title='bbox 327 4328 360 4398; x_wconf 79' lang='lat'>⁵⁰)</span> <span class='ocrx_word' id='word_1_290' title='bbox 381 4332 465 4380; x_wconf 87' lang='lat' dir='ltr'>Hirzel</span> <span class='ocrx_word' id='word_1_291' title='bbox 484 4332 499 4382; x_wconf 87' lang='lat'>1.</span> <span class='ocrx_word' id='word_1_292' title='bbox 522 4333 539 4388; x_wconf 76' lang='lat' dir='ltr'>l,</span> <span class='ocrx_word' id='word_1_293' title='bbox 559 4349 600 4396; x_wconf 92' lang='lat' dir='ltr'>pp.</span> <span class='ocrx_word' id='word_1_294' title='bbox 620 4346 655 4393; x_wconf 90' lang='lat'>40</span> <span class='ocrx_word' id='word_1_295' title='bbox 665 4349 700 4396; x_wconf 88' lang='lat' dir='ltr'>sq.</span> <span class='ocrx_word' id='word_1_296' title='bbox 738 4332 902 4380; x_wconf 81' lang='lat' dir='ltr'>Wiedemann</span> <span class='ocrx_word' id='word_1_297' title='bbox 922 4350 945 4396; x_wconf 89' lang='lat' dir='ltr'>p.</span> <span class='ocrx_word' id='word_1_298' title='bbox 965 4343 1007 4395; x_wconf 84' lang='lat'>45.</span> <span class='ocrx_word' id='word_1_299' title='bbox 1027 4333 1169 4381; x_wconf 79' lang='lat' dir='ltr'>Mommsen</span> <span class='ocrx_word' id='word_1_300' title='bbox 1188 4331 1205 4381; x_wconf 93' lang='lat' dir='ltr'>l.</span> <span class='ocrx_word' id='word_1_301' title='bbox 1220 4332 1237 4381; x_wconf 92' lang='lat'>1.</span> <span class='ocrx_word' id='word_1_302' title='bbox 1258 4348 1282 4394; x_wconf 89' lang='lat' dir='ltr'>p.</span> <span class='ocrx_word' id='word_1_303' title='bbox 1304 4331 1362 4392; x_wconf 89' lang='lat'>298.</span> 
     </span>
     <span class='ocr_line' id='line_1_35' title="bbox 329 4426 1195 4497; baseline -0.001 -19"><span class='ocrx_word' id='word_1_304' title='bbox 329 4426 362 4497; x_wconf 67' lang='grc'>80)</span> <span class='ocrx_word' id='word_1_305' title='bbox 382 4430 415 4480; x_wconf 85' lang='lat' dir='ltr'>cI.</span> <span class='ocrx_word' id='word_1_306' title='bbox 436 4431 482 4479; x_wconf 86' lang='lat'>12</span> <span class='ocrx_word' id='word_1_307' title='bbox 503 4431 735 4480; x_wconf 74' lang='lat'>11188111161</span> <span class='ocrx_word' id='word_1_308' title='bbox 757 4432 794 4479; x_wconf 86' lang='lat'>111</span> <span class='ocrx_word' id='word_1_309' title='bbox 816 4444 865 4478; x_wconf 90' lang='lat'>100</span> <span class='ocrx_word' id='word_1_310' title='bbox 884 4433 907 4480; x_wconf 85' lang='lat' dir='ltr'><strong>X</strong></span> <span class='ocrx_word' id='word_1_311' title='bbox 930 4431 1043 4492; x_wconf 83' lang='lat'>104111.</span> <span class='ocrx_word' id='word_1_312' title='bbox 1066 4444 1080 4494; x_wconf 88' lang='lat'>3</span> <span class='ocrx_word' id='word_1_313' title='bbox 1101 4431 1150 4478; x_wconf 89' lang='lat' dir='ltr'>XII</span> <span class='ocrx_word' id='word_1_314' title='bbox 1170 4442 1195 4492; x_wconf 88' lang='lat'>3.</span> 
     </span>
    </p>
   </div>
   <div class='ocr_carea' id='block_1_7' title="bbox 0 0 1614 5058">
    <p class='ocr_par' dir='ltr' id='par_1_7' title="bbox 0 0 1614 5058">
     <span class='ocr_line' id='line_1_36' title="bbox 0 0 1614 5058; baseline 0 0"><span class='ocrx_word' id='word_1_315' title='bbox 0 0 1614 5058; x_wconf 95' lang='lat' dir='ltr'> </span> 
     </span>
    </p>
   </div>
  </div>
 </body>
</html>
