3218 5058
1274 427 1317 492 59

152 636 352 690 noscantur«
393 626 485 708 Quae
503 627 601 689 verba
623 627 699 708 quin
716 627 776 708 ipsi
797 627 922 704 Tacit0‚
948 645 1011 688 non
1035 625 1116 688 sonti
1140 625 1184 689 illi
1208 625 1322 706 prima-

152 743 200 804 rio
224 742 391 805 tribuenda
414 743 487 820 sint,
514 742 653 805 dubitari
677 762 741 804 non
764 750 883 825 potest.
921 741 1003 804 Sunt
1026 743 1111 804 enim
1135 742 1203 823 ejus
1226 741 1321 822 scrip-

152 859 240 934 toris,
266 859 320 940 qui
344 859 385 921 ab
408 859 499 920 initio
523 859 596 920 anni
620 859 663 937 69
687 858 817 920 demum
841 878 891 920 res
914 866 1116 920 enarraturus
1140 866 1209 932 est;
1235 857 1322 937 quod

152 975 288 1037 Plinium
312 983 344 1036 et
361 973 509 1036 Cluvium
525 973 646 1036 Rufum
669 993 734 1035 non
758 973 871 1036 fecisse
894 975 1021 1050 scimuS,
1047 973 1127 1036 alios
1151 973 1323 1055 scriptores

152 1090 266 1152 fecisse
300 1109 504 1171 nequaquam
540 1089 711 1152 verisimile
736 1098 793 1152 est.
842 1088 900 1152 Cui
924 1089 997 1151 loco
1021 1108 1190 1177 compares
1213 1087 1321 1162 velim,

152 1226 235 1287 quae
258 1205 444 1268 Plutarchus
473 1204 511 1267 G.
538 1222 555 1266 2
589 1207 704 1269 tradit:
748 1202 818 1283 „Ta
849 1209 902 1290 μὲν
931 1202 982 1268 οὖν
1013 1201 1088 1268 καθ’
1121 1201 1236 1266 ἕκαστα
1266 1213 1323 1266 τῶν

152 1327 319 1406 γενομένων
353 1318 555 1402 ἀπαγγέλλειν
585 1318 720 1405 ἀκριβῶς
750 1333 806 1409 cip<
833 1331 1047 1408 πραγματικῆς
1077 1316 1212 1402 ἱστορίας
1235 1295 1323 1395 ἔστιν,

153 1435 211 1501 ὅσα
228 1437 261 1500 δὲ
285 1435 356 1508 ἄξια
379 1439 471 1518 λόγου
495 1447 557 1506 τοῖς
579 1448 636 1500 τῶν
654 1435 821 1521 Καισάρων
846 1436 945 1521 ἔργοις
967 1439 1022 1499 καὶ
1044 1437 1161 1499 πάθεσι
1185 1437 1323 1520 cupat-

154 1574 280 1628 πτωαεν,
305 1549 374 1616 οὐδὲ
391 1549 459 1638 ἐμοὶ
475 1558 621 1640 προοῄκει
638 1555 838 1637 παρελθεῖν.“
875 1553 968 1634 Quae
975 1552 1079 1614 Taciti
1096 1550 1201 1613 verbis
1217 1551 1323 1613 allatis

153 1667 302 1732 consulto
333 1689 498 1752 opponere
520 1669 708 1732 Plutarchus
738 1670 872 1732 videtur.
919 1668 1007 1731 Dicit
1037 1667 1123 1729 enim
1146 1666 1199 1728 ille
1222 1687 1257 1729 se
1280 1667 1321 1728 de

154 1794 240 1848 statu
263 1806 393 1866 quoque
416 1785 511 1862 urbiS,
537 1786 578 1848 de
602 1794 709 1847 mente
733 1786 943 1859 exercituum,
969 1785 1010 1846 de
1032 1782 1144 1845 habitu
1168 1781 1323 1865 provinci-

154 1921 244 1963 arum
272 1901 425 1964 nonnulla
460 1901 650 1964 traditurum
680 1939 724 1947 —
753 1910 865 1964 contra
892 1900 944 1962 hic
965 1911 1001 1963 'se
1024 1899 1104 1962 haec
1128 1906 1225 1979 atque
1248 1897 1326 1960 talia

153 2017 215 2080 illis
238 2038 472 2093 concessurum,
499 2018 553 2099 qui
576 2018 776 2099 pragmatice
790 2055 834 2063 -
850 2025 885 2079 ut
908 2018 953 2080 ita
976 2017 1083 2078 dicam
1098 2036 1148 2062 —·
1158 2014 1325 2077 historiam

155 2144 317 2209 enarrent,
363 2154 433 2196 sese
468 2154 507 2195 ea
541 2142 667 2196 tantum
702 2133 887 2210 relaturum,
924 2153 1007 2214 quae
1041 2131 1118 2214 ipsis
1153 2129 1325 2192 acciderint

154 2249 412 2331 imperatoribus.
460 2249 533 2330 Qua
567 2270 601 2311 re
630 2250 677 2312 ‘ad
711 2269 784 2312 eam
823 2249 1010 2311 adducimur
1048 2247 1254 2320 sententiam,
1291 2253 1326 2307 ut

154 2375 303 2446 putemus
337 2366 422 2428 hunc
457 2375 543 2428 certe
567 2363 672 2428 Taciti
707 2365 912 2428 historiarum
941 2364 1048 2426 locum
1083 2383 1147 2425 non
1176 2363 1325 2442 ignotum

155 2480 251 2543 fuisse
274 2481 455 2545 Plutarcho.
504 2481 601 2563 Quod
624 2482 685 2544 hac
709 2502 895 2563 quoquere
919 2481 1047 2562 probari
1071 2480 1212 2551 videtur,
1237 2477 1326 2558 quod

154 2597 356 2672 Plutarchus,
389 2598 449 2660 etsi
480 2598 513 2659 in
536 2597 661 2660 Galbae
690 2597 849 2681 capitibus
876 2598 981 2658 1—18
1013 2596 1154 2657 maxime
1178 2614 1197 2655 a
1220 2593 1326 2655 Taciti

155 2713 359 2776 historiarum
383 2715 487 2796 primo
518 2714 599 2776 libro
632 2712 753 2786 differt,
790 2712 954 2776 tamenin
977 2713 1049 2793 ipso
1072 2710 1128 2773 illo
1151 2709 1257 2791 capite
1280 2715 1325 2771 se-

155 2830 259 2892 cundo
276 2831 388 2892 eadem
405 2831 446 2892 de
460 2829 662 2911 Nymphidio
678 2829 800 2892 Sabino
824 2838 856 2891 et
878 2829 919 2890 de
943 2827 1097 2890 donativo
1121 2826 1180 2888 sub
1196 2825 1326 2887 nomine

155 2944 279 3008 Galbae
295 2946 449 3008 militibus
464 2946 634 3027 promisso,
653 2945 821 3020 nondam,
847 2943 951 3020 refert,
976 2963 1059 3025 quae
1075 2943 1160 3026 apud
1177 2941 1326 3004 Tacitum

155 3062 265 3123 statim
301 3071 377 3142 post
410 3062 508 3124 verba
543 3062 642 3124 allata
677 3069 861 3143 sequuntur.
908 3059 1088 3124 Putandum
1123 3067 1232 3121 autem
1256 3077 1326 3119 esse

155 3177 373 3252 Plutarchum,
407 3179 433 3240 si
464 3178 526 3241 hoc
561 3179 635 3241 loco
663 3178 768 3240 Taciti
803 3177 953 3239 historias
988 3175 1150 3250 adhibuit,
1187 3173 1327 3235 intotis

156 3292 279 3356 Galbae
301 3302 334 3356 et
358 3293 498 3358 Othonis
525 3295 599 3357 vitis
629 3295 691 3357 hoc
722 3314 814 3357 usum
838 3315 908 3356 esse
932 3292 1020 3357 fonte
1043 3311 1100 3373 per
1123 3312 1158 3353 se
1181 3298 1324 3371 apparet.

250 3435 439 3498 Graviorem
471 3437 641 3500 afferamus
676 3457 832 3499 caussam.
864 3435 866 3442 '
895 3436 984 3498 Dicit
1019 3435 1104 3496 enim
1140 3432 1259 3495 Clason
1275 3429 1327 3514 ¹⁰⁶)

156 3545 275 3614 summi
308 3553 462 3614 momenti
497 3552 548 3614 vel
584 3553 661 3615 illud
696 3573 780 3627 esse,
817 3552 904 3633 quod
939 3552 971 3612 in
994 3551 1118 3612 Pisonis
1152 3548 1327 3629 adoptione

156 3669 331 3730 enarranda
355 3669 485 3731 demum
508 3678 541 3730 et
564 3649 704 3731 Tacitus¹
721 3669 804 3752 (hist.
829 3669 843 3729 I
864 3666 914 3750 14)
937 3676 969 3730 et
993 3665 1180 3728 Plutarchus
1204 3663 1254 3749 (G.
1274 3663 1327 3746 23)

157 3785 261 3865 ipsum
285 3785 474 3847 narrationis
502 3805 628 3848 cursum
660 3785 821 3866 incipiant,
847 3804 920 3845 curn
944 3782 996 3845 ille
1020 3791 1115 3844 antea
1139 3781 1179 3843 de
1202 3781 1327 3841 Romae

157 3899 242 3962 urbis
265 3901 565 3982 provinciarumque
589 3901 682 3963 rebus
705 3899 858 3962 nonnulla
881 3897 1056 3971 tradiderit,
1081 3897 1133 3960 hic
1157 3897 1268 3980 primis
1285 3912 1325 3956 22

156 4055 200 4062 —
229 4017 345 4079 rectius
369 4018 497 4079 diceret
524 4020 561 4078 18
598 4056 641 4062 —
673 4015 832 4097 capitibus
862 4017 903 4078 de
931 4013 1055 4077 Galbae
1086 4013 1152 4075 vita
1184 4012 1328 4093 dispersa

157 4133 265 4215 (utitur
303 4132 402 4195 verbo
446 4131 707 4215 »mosaikartig«)
746 4131 897 4194 attulerit.
953 4129 1067 4211 Neque
1105 4129 1183 4191 illud
1221 4127 1326 4209 negle-

158 4248 297 4328 gendum
321 4269 407 4324 esse,
433 4250 520 4329 quod
544 4249 731 4311 Plutarchus
755 4248 866 4330 primis
889 4247 951 4310 illis
976 4263 1015 4310 22
1041 4245 1199 4328 capitibus
1223 4252 1327 4306 totam

230 4425 273 4496 ¹⁰⁶)
295 4430 374 4481 »Plut
393 4444 418 4477 u.
440 4428 520 4478 Tan«
541 4444 566 4493 p.
590 4438 628 4491 15.
