3218 5058
265 380 307 443 26

264 557 446 618 Mommsen
482 556 553 640 (1.1,
587 578 641 639 pp.
669 575 734 637 309
758 559 841 640 sqq.)
883 566 1130 633 commemorat,
1168 567 1202 619 ut
1232 559 1433 620 demonstret

204 674 206 679 ’
265 673 417 734 Tacitum
450 673 609 734 interdum
634 683 688 735 aut
712 673 824 734 leviter
848 672 936 734 sonte
960 674 1122 736 communi
1153 695 1245 735 usum
1276 695 1346 735 esse
1382 681 1437 734 aut

265 788 463 850 adulterasse
487 809 534 862 ea,
560 809 643 868 quae
667 789 698 850 in
722 789 777 850 illo
802 789 974 852 invenisset
997 789 1085 872 (dicit
1118 791 1216 851 enim:
1242 789 1310 873 (Es)
1338 789 1435 850 «l'asst

265 904 333 967 sich
358 905 441 966 auch
466 924 506 966 an
531 903 778 965 verschiedcnen
802 903 924 966 Stellen
949 904 1158 980 nachweisen,
1184 906 1260 967 dass
1284 905 1335 966 die
1355 905 1433 965 Dar-

179 1099 181 1109 *
266 1020 405 1101 stellung
428 1021 484 1082 des
509 1020 640 1081 Tacitus
665 1020 826 1080 entweder
849 1019 984 1100 flttchtig
1008 1021 1085 1081 oder
1108 1021 1236 1102 gesarbt
1259 1020 1342 1103 ista),
1368 1019 1436 1080 Plu·

266 1136 411 1199 tarchum
440 1144 551 1196 contra
575 1136 752 1196 accuratius
777 1135 900 1196 fontem
924 1145 1069 1196 secutum
1094 1157 1179 1210 esse,
1214 1136 1276 1197 hoc
1307 1135 1436 1216 probari

266 1272 362 1334 posse
384 1251 517 1312 videtur.
566 1249 639 1330 Qua
662 1251 702 1311 de
726 1271 759 1312 re
783 1251 858 1331 quia
879 1251 946 1336 jam
960 1247 1124 1334 Clason54)
1148 1252 1304 1324 disseruit,
1333 1270 1435 1331 pauca

266 1366 412 1429 attulisse
445 1367 523 1428 satis
556 1367 623 1427 erit.
671 1365 802 1429 Nullam
828 1367 920 1450 ¹enim
952 1367 1046 1428 video
1086 1388 1248 1442 caussam,
1286 1388 1352 1452 cur¹
1374 1386 1438 1427 non

266 1492 415 1564 putemus
449 1483 655 1544 Plutarchum
685 1483 810 1544 duobus
842 1484 967 1564 primiS,
1001 1505 1082 1565 quos
1115 1483 1297 1545 Mommsen
1333 1481 1434 1554 affert,

270 1597 348 1660 locis
372 1598 462 1681 (Tac.
488 1599 560 1660 hist.
587 1598 600 1660 I
615 1599 667 1660 ,86
679 1637 723 1643 —
738 1599 819 1660 Plut.
847 1599 885 1660 O.
911 1615 951 1676 43
985 1600 1062 1660 Tae.
1088 1599 1161 1661 hist.
1187 1598 1215 1660 ΙΙ
1240 1615 1282 1676 34
1297 1636 1341 1643 -
1357 1597 1438 1659 Plut.

268 1713 307 1778 O.
338 1731 377 1776 10
400 1715 461 1784 in..
498 1731 563 1795 quo
598 1714 671 1776 loco
696 1715 849 1777 erravisse
872 1714 1167 1795 Plutarchumjam
1191 1735 1287 1796 supra
1311 1714 1439 1775 demon-

267 1829 450 1913 stravimus)
482 1850 537 1904 ea,
573 1850 655 1910 quae
683 1828 776 1891 rebus
801 1850 818 1890 a
844 1830 959 1891 Tacito
984 1831 1108 1892 traditis
1133 1831 1236 1905 addit,
1263 1829 1439 1890 exornandi

267 1955 393 2007 tantum
419 1965 531 2006 caussa
555 1944 718 2024 adjecisse.
752 1945 858 2025 Quem
882 1967 958 2008 vero
983 1947 1112 2008 tertium
1136 1947 1243 2007 locum
1259 1946 1441 2007 Mommsen

267 2069 506 2122 commemorat
530 2059 560 2144 (l.
580 2060 599 2121 l.
618 2080 648 2140 p.
677 2061 762 2144 309),
788 2061 865 2124 Tac.
891 2062 963 2124 hist.
984 2062 997 2122 l
1022 2079 1064 2123 20
1079 2099 1123 2107 -
1138 2062 1219 2124 Plut.
1239 2061 1277 2123 G.
1299 2062 1346 2135 16,
1373 2061 1436 2122 nul-

268 2176 328 2237 lius
360 2177 401 2237 ad
432 2196 500 2237 rem
531 2177 687 2238 momenti
716 2199 786 2239 esse
810 2178 860 2240 vel
895 2178 968 2240 inde
992 2187 1142 2260 apparet,
1180 2179 1267 2259 quod
1298 2178 1381 2239 inest
1405 2177 1436 2237 in

268 2293 375 2373 priore
399 2291 453 2353 illa
477 2293 563 2355 vitae
588 2291 711 2354 Galbae
735 2303 835 2373 parte,
861 2295 893 2354 in
917 2315 980 2374 qua
1004 2295 1084 2355 alios
1108 2315 1146 2355 ac
1162 2294 1312 2356 Tacitum
1337 2292 1441 2354 sontes

268 2408 476 2470 Plutarchum
524 2408 707 2471 adhibuisse
737 2410 804 2490 jam
847 2430 943 2490 supra
978 2410 1278 2471 demonstravimus
1328 2408 1442 2489 Neque

269 2523 426 2603 majorem
451 2524 517 2585 vim
541 2525 595 2586 illa
618 2524 751 2610 habere,
784 2546 867 2605 quae
890 2524 1073 2586 Mommsen
1097 2533 1211 2605 postea
1235 2523 1340 2598 affert,
1367 2543 1440 2584 cum

269 2648 336 2700 tam
368 2640 468 2702 multa
499 2641 539 2702 de
562 2641 720 2703 Plutarchi
753 2640 910 2702 scribendi
945 2641 1069 2702 ratione
1101 2640 1168 2720 jam
1204 2639 1439 2719 protulerimus

270 2775 374 2830 nem0,
400 2756 545 2830 arbitror,
571 2777 636 2818 non
660 2756 827 2836 intelleget
840 2753 887 2838 ⁵⁵).

360 2870 524 2951 Quoniam
548 2872 644 2952 igitur
667 2871 858 2933 Plutarchus
882 2872 928 2944 iis,
955 2891 1036 2950 quae
1060 2871 1091 2930 in
1116 2867 1346 2940 fonteinvenit,
1373 2874 1439 2926 tam

270 2987 371 3048 multa
394 2988 463 3069 ipse
486 2988 620 3067 adjecit,
658 3009 697 3048 ne
720 2988 752 3049 id
787 2987 915 3067 quidem
941 2986 1055 3046 mirum
1079 2985 1204 3045 videtur
1231 3004 1318 3057 esse,
1355 2981 1442 3062 quod

270 3103 456 3164 Mommsen
497 3104 526 3187 (l.
546 3103 565 3164 l.
592 3124 623 3184 p.
650 3103 725 3186 315)
763 3103 804 3164 ad
833 3101 1087 3164 confirmandam
1122 3099 1315 3162 sententiam
1349 3117 1440 3158 suam

271 3218 406 3300 profert,
432 3218 464 3280 id
488 3219 570 3293 dic0,
596 3219 683 3299 quod
707 3238 754 3292 ea,
780 3238 862 3299 quae
886 3218 1032 3280 aTacito
1045 3237 1108 3278 non
1125 3217 1243 3277 tradita
1256 3212 1442 3275 Plutarchus

271 3334 372 3409 affert,
398 3335 635 3396 accuratissime
659 3354 733 3395 cum
756 3335 869 3395 ceteris
893 3333 1065 3413 conjuncta
1088 3340 1169 3394 sunt.
1219 3329 1316 3410 Quod
1340 3349 1379 3389 nc
1404 3329 1441 3388 iis

271 3451 401 3532 quidem
425 3449 521 3525 locis,
556 3450 672 3530 quibus
696 3471 827 3512 revera
853 3448 1040 3511 Plutarchus
1064 3448 1162 3509 alium
1186 3456 1283 3526 atque
1309 3445 1440 3505 solitum

271 3565 394 3627 fontem
424 3565 607 3640 adhibuisse
638 3567 772 3639 videtur,
807 3565 939 3627 difficile
962 3586 1032 3626 csso
1056 3565 1097 3624 ad
1120 3562 1348 3643 explicandum
1377 3559 1443 3638 jam

272 3680 390 3743 Clason
414 3681 444 3765 (l.
468 3681 486 3743 l.
513 3702 543 3762 p.
574 3680 646 3763 121)
670 3682 910 3745 demonstravit.
945 3680 1030 3741 Nam
1054 3678 1194 3758 exempli
1218 3697 1331 3738 caussa
1355 3695 1440 3736 corn·

273 3805 431 3858 memorat
454 3797 649 3876 Dionysium
673 3798 954 3859 Halicarnasseum
978 3805 1011 3856 ct
1034 3796 1140 3876 ipsum
1149 3791 1364 3865 Plutarchum,
1390 3790 1444 3870 qui

271 3914 304 3974 in
327 3913 455 3974 Periclis
478 3902 554 3975 vita¹
568 3912 785 3986 describenda,
811 3922 847 3974 ut
869 3913 910 3974 H.
933 3910 1064 3991 Sauppe
1073 3907 1111 3992 56)
1135 3908 1285 3981 ostendit,
1320 3906 1442 3988 optime

272 4049 319 4104 ca,
344 4047 427 4109 quae
452 4049 494 4090 ex
518 4028 736 4109 compluribus
760 4027 969 4108 scriptoribus
992 4025 1180 4099 contulerat,
1206 4025 1251 4085 ita
1266 4023 1443 4103 conjunxit,

274 4153 309 4205 ut
332 4145 388 4205 vix
413 4144 553 4205 discerni
577 4144 711 4224 possint.

273 4251 488 4261 *ἡ

347 4283 379 4352 Μ)
403 4287 519 4334 «Tacitus
537 4286 589 4334 und
608 4286 717 4336 Sueton«
739 4301 780 4348 1³1³·
801 4285 834 4346 9⁶
854 4301 907 4348 ΜΝ

345 4373 378 4441 ⁶⁵)
399 4376 430 4426 cl.
452 4375 544 4425 Clasbn
564 4375 580 4425 l.
604 4374 621 4426 l.
641 4391 682 4438 Pl’·
704 4385 736 4435 97
756 4391 794 4437 ⁵‘l'

348 4461 381 4532 66)
404 4465 468 4513 «Die
486 4464 596 4528 Quellen
615 4463 746 4514 I'lutarchs
766 4463 803 4511 tur
822 4464 866 4512 das
884 4463 969 4512 Leben
989 4463 1032 4512 des
1050 4461 1181 4511 Pericles«.
