3218 5058
242 402 285 471 48

242 617 415 699 Pompejus
438 616 642 693 Saturninus,
678 617 851 701 Pompejus
874 618 1026 682 Plantalr
1077 617 1224 702 Quorum
1255 620 1287 682 in
1310 640 1417 702 quem-

242 752 379 814 cumque
414 733 523 815 paullo
551 735 729 797 accuratius
760 735 975 816 inquisiveriS,
1006 735 1100 798 facile
1132 757 1311 817 cognosces
1344 757 1418 798 eum

242 868 448 912 communem
472 849 575 912 Taciti
607 860 639 913 et
667 849 827 912 Plutarchi
860 861 1025 914 auctorem
1060 852 1170 914 haberi
1204 853 1294 914 nullo
1318 853 1417 915 modo

241 985 347 1046 posse.
396 965 482 1046 Quid
515 966 541 1027 si
576 964 631 1028 illa
663 975 805 1047 reputaS,
842 987 925 1047 quae
948 968 988 1029 de
1012 966 1152 1030 Othonis
1175 968 1281 1031 verbis
1305 968 1416 1030 Salvio

242 1079 423 1162 Cocccjano
452 1081 545 1144 dictis
573 1101 670 1162 supra
704 1080 894 1145 attulimus?
940 1083 1032 1164 Quae
1063 1085 1089 1146 si
1117 1104 1193 1146 vera
1216 1092 1306 1158 sunt,
1343 1105 1415 1146 con·

241 1196 420 1258 cedendum
455 1206 505 1259 est
539 1205 614 1259 ante
638 1196 817 1259 Domitiani
852 1199 1022 1280 imperium
1058 1198 1181 1262 fontem
1211 1200 1301 1262 illum
1329 1220 1414 1262 eom-

241 1331 385 1387 munem‚
410 1332 507 1394 quem
530 1322 703 1395 quaerunt,
729 1314 894 1376 conditum
918 1334 983 1377 non
1006 1335 1094 1391 esse;
1131 1315 1190 1378 sub
1214 1317 1285 1397 ipso
1309 1326 1418 1378 autem

241 1428 432 1490 Domitiano
448 1429 603 1510 scriptum
619 1449 693 1491 eum
717 1450 788 1492 esse
811 1430 893 1492 hanc
917 1431 961 1492 ob
984 1451 1052 1495 rem
1075 1451 1140 1493 non
1163 1431 1333 1494 verisimile
1357 1440 1415 1507 est,

240 1545 329 1625 quod
363 1543 668 1626 periculosissimum
702 1555 772 1608 tum
807 1545 918 1608 fuisset
946 1547 991 1609 ita
1018 1556 1131 1609 notare
1161 1547 1353 1628 supplicium
1375 1548 1418 1610 dc

244 1658 356 1722 Salvio
367 1658 549 1741 Coccejano
572 1671 747 1742 sumptum.
773 1697 817 1706 —-
841 1661 948 1742 Quam
972 1662 1015 1724 ob
1038 1683 1106 1724 rem
1130 1663 1181 1737 iis,
1206 1664 1260 1744 qui
1286 1673 1417 1725 manent

160 1843 164 1860 1
242 1775 274 1837 in
308 1776 362 1838 illa
386 1777 548 1858 opinione,
581 1796 757 1839 consensus
792 1777 874 1839 inter
897 1777 1046 1840 Tacitum
1077 1788 1110 1841 et
1133 1777 1338 1841 Plutarchum
1362 1799 1413 1840 ex·

240 1891 355 1955 stantis
374 1910 521 1954 caussam
540 1892 682 1972 positam
702 1912 772 1954 esse
790 1890 823 1954 in
841 1893 957 1955 eodem
981 1893 1071 1955 sonte
1093 1893 1249 1969 adhibit0,
1275 1903 1413 1957 statuen-

241 2008 330 2100 dum*
351 2006 476 2068 videtur
506 2027 576 2069 esse
606 2007 690 2070 hunc
721 2009 781 2070 sub
804 2007 911 2071 Nerva
934 2019 989 2072 aut
1013 2009 1073 2072 sub
1097 2009 1239 2090 Trajano
1262 2011 1417 2092 scriptum

241 2143 321 2184 esse.
369 2123 404 2184 ln
428 2141 492 2203 qua
515 2123 687 2185 rcetiamsi
711 2122 789 2185 illud
812 2123 1022 2204 neglegimus,
1048 2125 1104 2185 vix
1128 2125 1323 2187 credendum
1347 2147 1417 2188 esse

241 2237 391 2300 Tacitum
419 2238 487 2319 ejus
515 2239 680 2320 scriptoris
710 2259 792 2321 opus
823 2241 864 2302 ad
895 2240 1028 2302 verbum
1060 2239 1145 2302 haud
1176 2260 1248 2302 raro
1272 2250 1418 2304 secutum

240 2373 326 2430 esse,
359 2354 414 2435 qui
444 2355 555 2435 paucis
579 2363 706 2416 tantum
730 2355 821 2416 annis
845 2363 919 2417 ante
943 2355 1048 2436 ipsum
1072 2357 1243 2437 scripserat
1265 2395 1310 2404 —
1334 2358 1414 2438 quis,

239 2489 375 2551 quaeso,
405 2468 525 2532 ultimis
555 2470 649 2552 primi
689 2470 806 2532 saeculi
839 2471 930 2532 annis
961 2471 1025 2532 tale
1056 2492 1137 2554 opus
1174 2473 1314 2554 scripsit,
1352 2493 1417 2554 quo

240 2585 372 2649 Tacitus
389 2595 422 2649 ct
437 2586 624 2649 Plutarchus
640 2586 673 2648 in
689 2585 899 2648 describendo
915 2585 1039 2649 Galbae
1062 2596 1095 2650 et
1112 2586 1252 2651 Othonis
1269 2598 1417 2670 ternpore

239 2702 284 2764 uti
307 2701 463 2784 possent?
493 2699 615 2764 Contra
632 2701 686 2782 qui
711 2702 869 2764 diversam
893 2713 1069 2783 sequuntur
1092 2704 1294 2779 sententiam,
1320 2725 1360 2766 ne
1383 2705 1416 2766 in

239 2818 389 2880 minimas
419 2818 550 2899 quidem
578 2815 784 2881 difficultates
814 2818 985 2881 incurrunt.
1033 2818 1142 2880 Facile
1172 2820 1257 2882 enim
1280 2820 1416 2900 cogitari

237 2942 347 3014 potest
371 2933 521 2998 Tacitum
551 2954 569 2995 e
597 2953 655 2995 sua
684 2933 799 2995 notitia
832 2934 1018 2996 vaticinium
1047 2934 1126 2996 illud
1153 2943 1230 3016 post
1262 2944 1415 2996 eventum

239 3047 379 3124 finxisse,
404 3048 609 3111 Plutarchum
634 3068 707 3110 eum
730 3059 875 3112 secutum
899 3045 978 3112 esse.
999 3049 1153 3130 —Quae
1177 3070 1250 3112 curn
1274 3051 1319 3112 ita
1342 3050 1414 3124 sint,

237 3165 386 3245 equidem
410 3173 490 3246 puto
513 3184 718 3226 communem
742 3166 831 3228 illum
853 3166 994 3239 fontem,
1019 3185 1115 3246 quem
1140 3175 1190 3227 tot
1210 3166 1267 3227 viri
1290 3186 1348 3246 per
1367 3174 1417 3227 tot

234 3279 302 3360 jam
318 3301 420 3342 annos
436 3279 550 3342 frustra
573 3281 806 3362 quaesiverunt,
831 3301 928 3362 quem
951 3282 1106 3362 reperisse
1129 3290 1196 3343 tam
1220 3302 1317 3363 saepe
1334 3280 1416 3343 lalso

237 3404 447 3477 putaverunt,
482 3396 614 3458 omnino
638 3396 767 3477 reperiri
800 3417 866 3459 non
896 3417 1006 3478 posse:
1035 3417 1198 3477 nunquam
1231 3398 1317 3459 enirn
1349 3396 1416 3460 suit.

326 3528 413 3592 Satis
442 3529 519 3592 mihi
544 3529 646 3592 multa
678 3531 776 3592 verba
799 3531 841 3592 de
870 3530 932 3592 hac
966 3551 1000 3592 re
1024 3530 1136 3592 fecisse
1168 3531 1291 3606 videor;
1327 3549 1410 3592 nunc

240 3646 284 3708 ad
307 3644 404 3708 aliam
428 3646 699 3727 transgrediamur
722 3666 888 3722 caussam,
929 3667 992 3728 qua
1016 3655 1125 3709 nostra
1148 3646 1306 3708 sententia
1341 3666 1412 3708 con-

238 3761 392 3833 firmatur,
441 3759 611 3824 Contendo
635 3763 720 3824 enirn
744 3783 786 3825 ex
802 3763 879 3846 ipsis
904 3763 1008 3825 Taciti
1026 3762 1176 3844 operibus
1200 3760 1413 3823 demonstrari

238 3899 335 3960 posse
358 3877 400 3940 ad
423 3876 503 3939 haec
526 3879 695 3941 condenda
720 3899 872 3960 magnam
895 3899 968 3940 euru
998 3879 1181 3941 adhibuisse
1212 3877 1414 3957 diligentiam

237 4015 341 4075 neque
364 4003 484 4056 temere
507 4014 605 4056 unum
629 3994 693 4056 sere
716 4015 843 4075 semper
867 3983 990 4055 fontem
1013 4003 1158 4057 secutum
1180 4014 1259 4055 esse.
1308 3991 1415 4072 Quam

237 4131 315 4186 rem,
340 4110 416 4192 quia
440 4107 607 4192 Clason⁹²)
631 4119 664 4172 et
687 4108 874 4190 Nipperdey
884 4107 923 4194 93)
947 4130 1011 4172 non
1035 4119 1102 4172 tam
1126 4117 1293 4182 accurate,
1319 4127 1417 4188 quam

308 4330 342 4400 ⁹¹)
364 4335 497 4384 »Plutarch
516 4351 540 4382 u.
562 4334 678 4382 Tacitus«
699 4349 741 4397 pp.
771 4348 810 4397 14.
833 4348 874 4385 21.

308 4428 342 4500 ⁹³)
363 4433 381 4481 l.
403 4432 420 4482 l.
441 4448 485 4496 pp.
508 4445 621 4496 23-30.
