3218 5058
1316 417 1357 485 15

274 597 328 666 Ac
337 599 525 692 maximum,
544 599 570 664 si
580 601 657 683 quid
669 599 773 677 vide0‚
791 610 1025 684 argumentum,
1044 599 1098 684 qui
1110 599 1199 664 illam
1215 599 1358 683 amplexi

94 790 103 801 ,
183 730 257 783 sunt
279 721 474 803 opinionem,
500 720 572 782 inde
596 729 709 802 petunt
720 717 766 803 ²⁹),
792 721 879 801 quod
896 718 1092 795 Plutarchus,
1118 727 1153 779 ut
1168 717 1213 780 ait
1231 717 1357 780 Wiede-

184 857 298 911 mann,
327 837 476 898 »easdem
499 857 549 898 res
573 855 652 924 quas
676 837 798 898 ceteri»-
819 836 907 920 (dicit
927 835 1077 898 Tacitum
1100 843 1133 897 et
1156 832 1357 916 Suetonium)

188 974 304 1035 »saepe
328 953 505 1015 accuratius
529 960 562 1014 et
585 952 711 1014 uberius
735 960 879 1014 enarrat»
907 961 939 1014 et
962 951 1049 1034 quod
1072 949 1225 1012 nonnulla
1249 950 1355 1024 tradit,
1446 933 1449 940 ,

137 1046 140 1056 .
184 1090 267 1151 quae
276 1069 408 1131 Tacitus
423 1068 549 1130 silentio
561 1069 713 1150 praeterit
725 1087 879 1150 quaeque,
905 1076 940 1129 ut
951 1067 1029 1130 dicit
1041 1067 1232 1140 Mommsen,
1255 1064 1357 1126 »doch

184 1187 244 1248 mit
276 1185 332 1246 der
367 1186 441 1247 dem
464 1167 614 1246 Plutarch
649 1185 713 1246 und
747 1185 822 1246 dem
850 1183 982 1246 Tacitus
1016 1180 1355 1264 gemeinschaftlichen

183 1301 367 1382 Erzahlung
390 1321 427 1364 so
451 1320 514 1380 eng
536 1299 741 1363 verwachsen
764 1300 845 1374 sind,
870 1300 945 1362 dass
964 1299 1086 1380 Jedem,
1111 1300 1167 1361 der
1183 1299 1214 1359 in
1226 1297 1358 1360 solchen

184 1417 472 1498 Untersuchungen
496 1415 583 1477 Takt
607 1393 671 1478 und
695 1415 834 1498 Uebung
856 1415 926 1490 hat,
958 1415 1014 1478 der
1037 1414 1191 1478 Gedanke
1222 1434 1263 1476 an
1287 1415 1358 1476 eine

183 1532 366 1614 Einlegung
388 1531 555 1594 desselben
579 1552 637 1594 aus
660 1532 746 1594 einer
770 1531 902 1594 zweiten
920 1530 1034 1611 Quelle
1057 1551 1121 1593 von
1143 1551 1224 1593 vom
1247 1530 1356 1614 herein

184 1648 231 1711 als
255 1648 436 1729 unzulissig
459 1646 645 1710 erscheinen
670 1666 788 1710 mussi.
815 1647 890 1728 Quo
914 1655 1104 1727 argumento
1128 1646 1175 1721 id,
1201 1647 1288 1726 quod
1312 1645 1356 1708 illi

182 1764 304 1840 volunt,
329 1762 417 1826 nullo
441 1763 540 1826 modo
565 1765 696 1846 probari
720 1764 890 1827 contendo
927 1763 1067 1835 Primum
1091 1763 1176 1824 enim
1200 1761 1358 1836 inhaere

183 1880 414 1943 consideranda
430 1879 630 1960 neglegenda
654 1890 781 1942 sunt—
796 1880 829 1942 id
853 1880 940 1960 quod
961 1878 1029 1959 jam
1052 1900 1148 1961 supra
1161 1879 1302 1940 diximus
1314 1915 1357 1922 —

186 1996 347 2059 Plutarchi
375 1994 499 2057 Galbae
530 2016 623 2078 capp.
663 1999 789 2071 1-18,
826 1997 868 2061 ad
902 2015 985 2076 quae
1022 1968 1253 2057 conscribenda
1291 1993 1356 2055 alio

183 2132 221 2174 ac
244 2112 349 2176 Taciti
375 2110 517 2174 historiis
547 2110 636 2175 fonte
659 2111 865 2174 Plutarchum
900 2131 993 2174 usum
1028 2124 1101 2173 esse
1124 2131 1181 2192 per
1209 2131 1243 2172 se
1266 2108 1354 2172 intel-

183 2229 300 2310 legitur
310 2226 362 2312 ³⁰),
399 2247 595 2310 quamquam
619 2228 651 2290 in
685 2227 734 2309 his
758 2247 887 2309 quoque
917 2247 981 2288 non
1017 2248 1119 2309 pauca
1142 2227 1356 2300 inveniuntur,

162 2419 164 2425 Ι
183 2365 266 2425 quae
289 2344 331 2408 ab
353 2345 426 2426 ipso
450 2344 565 2406 Tacito
589 2345 691 2425 petita
714 2364 784 2407 esse
807 2344 963 2406 videntur.

271 2460 356 2523 Tum
378 2481 456 2523 vero
479 2455 639 2522 nonnullis
662 2459 751 2536 locis,
776 2461 891 2542 quibus
914 2459 1101 2522 Plutarchus
1124 2479 1175 2520 res
1199 2479 1217 2521 a
1241 2458 1358 2520 Tacito

182 2576 422 2658 praetermissas
445 2576 552 2651 tradit,
577 2577 655 2658 ipse,
681 2597 746 2657 quo
770 2597 812 2638 ex
835 2575 924 2638 sonte
947 2596 1001 2639 eas
1025 2576 1173 2650 hauserit,
1199 2576 1244 2637 ita
1268 2574 1355 2648 dicit,

182 2702 217 2755 ut
240 2693 317 2754 satis
346 2701 501 2774 appareat
529 2711 612 2766 eum,
638 2712 735 2774 quem
759 2691 886 2767 laudat,
912 2691 1035 2755 fontem
1067 2712 1132 2754 non
1167 2710 1237 2754 esse
1268 2709 1356 2772 prae·

181 2808 319 2889 cipuum.
346 2807 443 2889 Quod
453 2818 488 2870 ut
504 2808 616 2870 melius
626 2807 839 2889 intellegatur,
854 2828 966 2871 omnes
979 2808 1070 2870 locos
1085 2807 1148 2869 huc
1160 2807 1358 2889 pertinentes

181 2923 321 2986 afferam.
368 2923 509 2986 Primum
543 2924 628 2986 enim
652 2924 839 2986 Plutarchus
863 2922 942 3003 O.3
979 2923 1059 2988 haec
1094 2924 1191 2986 dicit:
1227 2919 1354 3000 „Klou-

186 3038 294 3123 prdem)
327 3039 361 3101 δὲ
394 3036 559 3126 Ροῦροςῧῖ)
594 3036 637 3108 εἰς
665 3035 798 3126 Ἰβηρίαν
834 3043 908 3126 φησὶ
942 3042 1130 3126 κομισθῆναι
1165 3038 1358 3124 διπλώματα,

181 3152 226 3225 οἷς
243 3151 432 3240 ἐκπέμπουσι
455 3157 524 3226 τοὺς
539 3160 828 3242 γραμματηφόρους,
852 3159 885 3219 τὸ
909 3164 960 3218 τοῦ
973 3152 1118 3238 Νέρωνος
1145 3157 1236 3218 θετὸν
1260 3152 1357 3239 ὄνομα

181 3275 467 3356 προσγεγραμμένον
492 3269 603 3355 ἔχοντα
626 3281 666 3355 τῷ
690 3281 741 3335 τοῦ
754 3268 931 3340 Ὄθωνο,ς“.
979 3270 1102 3334 Contra
1125 3270 1257 3333 Tacitus
1281 3270 1355 3332 hist.

181 3387 195 3446 I
220 3388 260 3466 78
284 3385 364 3450 haec
388 3387 502 3449 tradit:
532 3388 637 3469 »ipse«
665 3386 778 3471 (Otho)
818 3388 875 3450 >rin
899 3408 1094 3470 suspenso
1117 3388 1274 3449 tenuit«
1301 3386 1356 3470 (sc.

181 3503 342 3586 acciperet
375 3523 494 3564 nomen
522 3502 669 3577 NeroniS,
705 3503 815 3586 necne)
855 3504 1002 3566 «vetandi
1033 3513 1120 3566 metu
1155 3504 1206 3566 vel
1240 3523 1353 3584 agno·

253 3677 286 3749 ²⁹)
306 3672 392 3730 Hirzel
410 3682 428 3730 l.
450 3682 468 3730 l.
489 3697 532 3746 pp.
561 3693 595 3744 39
613 3697 672 3746 sq.;
701 3682 866 3731 Wiedemann
885 3682 903 3732 1.
919 3683 937 3731 l.
958 3698 985 3747 p.
998 3693 1055 3748 ¹453
1086 3683 1158 3732 Peter
1176 3682 1192 3732 l.
1214 3681 1231 3733 l.
1250 3697 1293 3746 pp.
1320 3691 1353 3744 37

179 3797 253 3846 sqq.3
272 3781 413 3829 Mommsen
433 3781 526 3829 »Com
547 3780 648 3829 Tacitus
666 3780 717 3828 und
736 3780 807 3830 Cluv.
827 3781 933 3841 Rufus«,
954 3781 1059 3830 Hermes
1077 3781 1121 3830 1v‘
1132 3797 1158 3844 p.
1180 3790 1230 3843 315
1252 3777 1295 3847 (cs.
1315 3796 1357 3843 pp.

181 3877 343 3945 306-312).

254 3973 287 4043 ³⁰)
307 3976 444 4026 Annalium
462 3976 551 4026 ultimo
570 3977 634 4026 libro
653 3993 710 4026 eum
728 3993 800 4026 usum
818 3993 871 4027 esse
889 3978 929 4027 vel
947 3977 1012 4027 hanc
1031 3978 1064 4026 ob
1084 3993 1135 4028 rem
1154 3977 1285 4026 verisimile
1303 3992 1355 4025 non

180 4083 226 4136 est,
247 4075 324 4139 quod,
346 4091 403 4124 cum
421 4075 519 4124 Galbae
537 4082 562 4124 et
580 4076 688 4125 Othonis
715 4076 777 4125 vitas
795 4076 924 4138 scriberet,
945 4076 1048 4125 annales
1078 4076 1189 4124 nondum
1208 4075 1267 4123 editi
1286 4074 1360 4124 fuisse

179 4172 300 4223 videntur.

158 4247 161 4253 Ι
250 4268 284 4338 ³¹)
303 4273 341 4320 lta
359 4272 493 4336 legendum
506 4288 613 4338 essepro
631 4267 818 4334 „Klatnoeg
838 4273 907 4337 quod
919 4273 1034 4322 traditum
1048 4279 1093 4333 est,
1114 4288 1189 4324 nemo
1208 4271 1260 4336 jam
1272 4280 1355 4335 negat.

159 4431 162 4436 1
250 4365 283 4437 ⁸²)
304 4370 487 4418 Huncsolum
512 4370 655 4434 scriptorem
668 4379 692 4420 et
710 4370 759 4419 hoc
778 4371 878 4435 quidem
898 4371 953 4420 solo
972 4371 1029 4420 loco
1042 4371 1188 4420 Plutarchus
1206 4370 1357 4419 nominatim

178 4475 266 4518 testem
285 4468 361 4521 aslert.
