3218 5058
241 373 284 437 24

240 569 405 651 proelium.
454 569 546 650 Quae
576 589 649 630 cum
681 569 726 630 ita
756 569 833 642 sint,
869 569 1007 649 primum
1040 575 1175 654 apparet
1205 588 1279 628 eum
1304 566 1408 647 ipsum

240 684 400 746 addidisse
433 685 532 751 verba
567 681 647 760 „etot
687 683 720 745 δὲ
756 681 919 766 Γερμανῶν
962 679 1062 754 ἱππεῖς
1104 681 1219 764 ἄριστοι
1232 680 1281 765 ⁴¹⁹),
1318 692 1407 768 νῆσον

240 797 392 872 οἰκοῦντες
408 797 465 863 ὑπὸ
481 809 532 863 τοῦ
549 797 657 886 Ῥήνου
674 795 940 884 περτρρεομὲνηνίι,
965 819 1048 878 quae
1063 800 1095 860 in
1119 799 1206 860 fonte
1236 797 1405 871 Plutarchi,

239 915 391 996 quoniam
415 916 454 977 de
477 916 591 978 iisdem
613 915 744 976 Batavis
765 915 833 994 jam
857 923 952 976 antea
976 914 1096 976 dietum
1120 924 1197 989 erat,
1223 935 1288 976 non
1312 913 1406 975 fuisse

239 1032 443 1094 manifestum
466 1041 523 1092 est.
571 1031 656 1092 Tum
679 1050 765 1104 ver0,
791 1039 825 1092 ut
849 1031 1063 1091 narrationem
1087 1030 1199 1110 proelii
1223 1028 1306 1092 illius
1330 1053 1349 1093 a
1372 1053 1406 1094 se

217 1151 219 1154 ’
237 1148 309 1228 ipso
334 1147 433 1209 inscio
459 1147 588 1226 quidem
604 1146 723 1207 inventi
740 1145 843 1226 magis
859 1153 993 1206 exornet
1009 1145 1187 1226 clariusque
1203 1147 1235 1208 id
1251 1146 1407 1209 lectorum

238 1263 338 1324 oculis
362 1271 539 1343 proponat,
576 1282 641 1322 non
666 1270 790 1323 veretur
814 1280 940 1322 narrare
962 1282 1084 1342 paucos
1108 1262 1324 1341 gladiatorum
1349 1263 1405 1325 Ba-

237 1378 320 1439 tavis
343 1378 506 1452 restitisse,
532 1377 687 1458 plurimos
719 1376 875 1458 fugientes
899 1379 930 1439 in
954 1377 1096 1439 hostium
1120 1398 1232 1439 manus
1256 1379 1405 1442 incidisse
1499 1431 1502 1436 .

237 1493 333 1554 etad
357 1513 454 1555 unum
478 1513 590 1556 omnes
625 1495 666 1555 ab
697 1495 734 1555 iis
765 1494 941 1554 trucidatos
981 1513 1058 1554 esse.
1103 1492 1175 1573 Jam
1205 1495 1403 1575 perspicitur,

237 1609 366 1689 opinor,
392 1610 557 1690 quomodo
587 1609 773 1670 Plutarchus
801 1608 960 1670 interdum
994 1607 1082 1669 fonte
1112 1629 1172 1670 suo
1203 1629 1277 1670 usus
1310 1611 1352 1671 sit
1374 1621 1407 1672 et

236 1745 283 1800 ea,
308 1746 391 1805 quae
414 1726 446 1786 in
468 1725 524 1786 illo
548 1725 680 1798 invenit,
715 1723 967 1804 amplificaverit.
1016 1724 1222 1805 Quamquam
1247 1734 1356 1787 autem
1383 1727 1404 1788 ii

236 1860 382 1920 quoque,
415 1841 469 1920 qui
500 1858 704 1900 communem
735 1839 830 1900 fuisse
859 1837 981 1900 fontem
1013 1839 1129 1901 Tacito
1165 1849 1197 1902 et
1233 1840 1406 1903 Plutarcho

235 1955 432 2030 existimant,
464 1976 585 2019 errasse
608 1955 691 2017 hunc
727 1955 757 2016 ll.
784 1954 815 2016 ll.
852 1976 916 2016 non
940 1964 1076 2035 negant,
1110 1943 1218 2018 tamen
1251 1958 1405 2020 omittunt

235 2072 309 2133 inde
340 2071 508 2152 colligere,
538 2073 626 2152 quod
661 2072 761 2133 sine
796 2070 893 2132 ulla
923 2072 1231 2134 dubitatione
1266 2073 1405 2135 colli·

234 2189 427 2268 gendum
462 2197 552 2252 est:
592 2187 797 2250 Plutarchum
822 2208 886 2250 non
921 2188 970 2249 his
1006 2197 1131 2249 tantum
1164 2189 1256 2263 locis,
1289 2190 1404 2269 quibus

234 2323 309 2364 casu
334 2303 416 2366 felici
440 2304 502 2365 hoc
526 2303 620 2384 plane
644 2302 863 2364 demonstrare
887 2323 1075 2384 possumus,
1102 2305 1158 2365 sed
1182 2305 1252 2366 aliis
1276 2325 1405 2386 quoque

232 2439 360 2480 summo
391 2419 522 2481 arbitrio
546 2439 736 2498 summaque
760 2419 888 2482 licentia
912 2441 967 2494 ea,
999 2439 1081 2500 quae
1105 2421 1136 2481 in
1162 2419 1250 2482 fonte
1273 2422 1401 2502 reperit,

232 2554 405 2597 exornasse
421 2544 518 2615 atque
534 2555 689 2616 persaepe
713 2535 908 2613 alucinatum
932 2558 1002 2598 esse
1026 2545 1058 2597 ct
1082 2535 1267 2598 fabulatum.
1306 2536 1401 2617 Quod

232 2671 271 2711 eo
302 2651 405 2712 minus
437 2651 551 2712 mirum
581 2659 643 2725 est,
678 2672 743 2731 quo
776 2653 903 2733 saepius
938 2653 969 2714 in
1001 2653 1152 2732 operibus
1167 2689 1168 2694 κ
1183 2653 1250 2733 ejus
1281 2673 1403 2714 errores

231 2766 324 2828 nobis
355 2775 540 2842 occurrunt,
576 2767 648 2847 qui,
681 2769 742 2829 etsi
773 2788 1002 2849 nonnunquam
1031 2769 1104 2830 inde
1127 2769 1275 2830 videntur
1298 2769 1402 2830 exorti

231 2903 316 2956 esse,
351 2883 439 2962 quod
475 2882 663 2944 Plutarchus
694 2882 863 2945 nonnullas
893 2883 1116 2945 Romanorum
1151 2883 1403 2965 significationes

230 2997 377 3077 proprias
401 3018 464 3058 non
489 2999 567 3060 satis
590 3007 797 3078 cognoverat,
823 2998 980 3076 interdum
1005 3007 1112 3059 tamen
1137 3019 1156 3058 a
1180 2999 1310 3060 levitate
1334 3000 1401 3078 ejus

230 3111 365 3194 profecti
400 3110 530 3195 sunt50).
585 3113 685 3175 Velut
721 3113 760 3174 O.
791 3129 829 3173 10
869 3133 941 3173 eum
975 3122 1082 3192 partes
1118 3112 1300 3173 confudisse
1332 3113 1400 3190 jam

230 3225 348 3289 Clason
363 3224 400 3308 51)
425 3229 573 3288 ostendit.
622 3226 719 3306 Quod
734 3247 845 3287 verum
861 3248 931 3287 esse
948 3225 1040 3287 facile
1057 3226 1234 3304 intelleges,
1261 3226 1287 3286 si
1311 3225 1396 3286 hunc

229 3342 336 3404 locum
352 3363 425 3404 cum
442 3343 519 3403 Tae.
542 3341 614 3403 hist.
640 3342 668 3403 Il
693 3357 735 3419 34
758 3362 805 3422 sq.
832 3341 1077 3420 comparaveris.
1118 3339 1203 3401 Nam
1226 3342 1252 3403 si
1277 3348 1399 3402 rectum

229 3467 328 3532 esset,
367 3458 454 3537 quod
477 3456 664 3518 Plutarchus
688 3457 785 3518 tradit
808 3456 840 3517 V
854 3457 862 3516 i
876 3465 889 3516 t
902 3477 919 3517 c
932 3456 942 3517 l
955 3456 987 3517 li
1000 3479 1019 3519 a
1032 3478 1051 3518 n
1065 3479 1084 3519 o
1098 3479 1112 3518 s
1136 3467 1305 3538 superatos
1329 3479 1399 3518 esse

228 3574 475 3656 (,,ταροιττόμενοι
499 3575 552 3634 καὶ
569 3568 785 3655 ἀποπηδῶντες
801 3569 845 3641 εἰς
860 3575 908 3635 τὸν
926 3578 1081 3658 ποτοτμόνΗ
1098 3611 1142 3618 -
1158 3594 1200 3634 sc.
1220 3570 1248 3636 οἱ
1261 3573 1401 3656 πολέμιοι

228 3689 246 3749 i.
273 3709 299 3749 e.
324 3687 490 3749 Vitelliani
513 3725 557 3732 --
582 3691 658 3764 „rote
682 3709 712 3750 τε
736 3697 810 3760 ναῦς
836 3685 998 3772 ἀνέτρεπον
1026 3693 1079 3752 καὶ
1107 3692 1143 3752 τὰ
1175 3692 1302 3772 σώματα
1337 3699 1400 3757 τοῖς

229 3803 384 3886 πολεμίοις
408 3840 451 3848 -
474 3803 666 3888 παρεῖχονίί),
690 3814 777 3866 certe
800 3826 848 3879 ea,
873 3826 956 3886 quae
979 3814 1153 3885 sequuntur
1176 3801 1238 3888 („oi
1262 3804 1295 3868 δὲ
1321 3801 1343 3866 Γ
1346 3827 1397 3887 ερ-

229 3921 318 4002 μανοὶ
341 3927 403 3986 τοῖς
426 3914 571 3988 Ὄθωνος
595 3923 784 4004 μονομάχοις
807 3925 876 4004 περὶ
899 3919 1008 4006 νησῖδα
1032 3929 1083 3982 τοῦ
1107 3929 1244 4005 ποταμοῦ
1269 3941 1397 4003 προς-

228 4044 441 4052 -ι--ι

299 4094 331 4164 ⁴⁹)
352 4098 433 4146 Docet
451 4097 541 4145 Nissen
561 4099 579 4146 l.
599 4097 616 4146 l.
636 4114 715 4146 errare
738 4099 896 4148 Plutarchum
921 4099 969 4148 hac
994 4104 1092 4164 quoque
1112 4100 1136 4147 in
1156 4116 1195 4160 re,
1217 4100 1284 4163 quod
1304 4095 1399 4156 ἱππέας

228 4193 348 4266 ἀρίστους
367 4197 474 4248 Batavos
492 4198 611 4248 nominet.

298 4293 331 4364 50)
351 4296 383 4345 cl.
404 4298 493 4346 Nissen
512 4298 530 4345 l.
550 4298 567 4345 l.
587 4313 613 4360 p.
634 4306 646 4359 5
667 4310 693 4357 4.

299 4391 337 4462 ⁵¹7
352 4396 369 4444 l.
389 4396 407 4444 l.
426 4412 452 4460 p.
473 4406 516 4459 59,
537 4411 596 4445 ann.
620 4408 642 4444 1.
