3218 5058
1244 401 1329 491 aa

117 603 253 685 intellegi
285 612 403 685 potest.
453 603 577 684 Quibus
607 603 700 665 rebus
733 604 890 686 expositis
923 604 1001 665 satis
1016 604 1171 695 'docuisse
1203 604 1281 666 mihi

116 721 221 781 videor
251 740 363 782 omnes
395 741 448 782 eas
479 741 616 794 caussas,
643 720 757 801 quibus
781 720 838 780 viri
870 721 956 781 docti
981 721 1088 782 conati
1113 730 1280 802 suntpro-

116 837 188 898 bare
198 837 302 917 putari
312 855 514 916 nequaquam
532 857 628 916 posse
636 835 841 897 Plutarchum
854 836 895 898 ad
906 838 1147 917 componendas
1161 835 1284 898 Galbae

116 962 146 1014 et
175 951 313 1014 Othonis
343 951 425 1012 vitas
449 950 631 1013 adhibuisse
659 951 763 1013 Taciti
797 952 955 1025 historias
977 919 1106 1013 'nullius
1128 953 1284 1014 momenti
1372 939 1375 950 ¹

115 1089 189 1130 esse.
236 1069 348 1148 ltaque
382 1067 589 1147 perstandum
619 1066 744 1128 videtur
774 1087 844 1128 esse
867 1067 899 1127 in
927 1068 1085 1128 sententia
1109 1067 1163 1129 illa
1188 1088 1285 1148 supra

116 1184 246 1266 prolata,
271 1183 320 1244 vel
344 1184 417 1244 inde
440 1191 568 1244 nostrae
592 1184 751 1264 opinionis
775 1193 999 1264 argumentum
1016 1184 1189 1264 petendum
1206 1204 1284 1258 esse,
1313 1259 1318 1264 .,

115 1301 199 1380 quod
231 1299 333 1361 multo
368 1298 490 1360 facilius
520 1319 693 1360 consensus
724 1299 776 1361 ille
800 1300 882 1361 inter
905 1299 1019 1360 ambos
1043 1299 1215 1380 scriptores
1239 1300 1285 1360 ita

116 1415 277 1496 explanari
293 1424 410 1496 potest,
436 1424 471 1476 ut
488 1398 636 1496 putemus
653 1415 802 1476 Tacitum
813 1425 978 1478 auctorem
996 1414 1091 1477 luisse
1107 1414 1278 1489 Plutarchi,

118 1552 213 1620 quam
236 1539 271 1592 ut
294 1532 456 1592 communi
481 1552 536 1593 eos
561 1550 636 1592 usos
659 1551 729 1592 esse
753 1529 841 1592 sonte
865 1551 1038 1593 sumamus.
1064 1569 1108 1576 -—

202 1673 314 1754 Atque
336 1673 415 1736 haec
440 1673 569 1754 quidem
593 1672 764 1749 hactenus;
795 1673 863 1754 jam
886 1674 1051 1734 veniamus
1075 1673 1117 1734 ad
1145 1673 1283 1735 alteram

116 1808 280 1863 caussam,
306 1809 369 1869 qua
393 1789 605 1850 demonstrari
628 1791 753 1851 videtur
776 1789 981 1851 Plutarchum
1005 1789 1110 1870 ipsum
1135 1788 1285 1851 Tacitum

116 1913 278 1966 auctorem
314 1904 504 1966 adhibuisse.
552 1904 666 1966 Nullus
701 1906 803 1979 enim,
840 1905 865 1966 si
899 1905 976 1985 quid
1009 1905 1120 1980 video,
1157 1905 1285 1986 reperiri

115 2028 223 2100 potest
238 2021 418 2081 communis
435 2019 515 2093 lons,
542 2019 630 2100 cujus
647 2041 689 2082 ex
705 2042 762 2081 usu
780 2040 954 2082 consensus
970 2019 1023 2082 ille
1039 2021 1122 2082 inter
1137 2020 1286 2085 Tacitum

114 2143 146 2196 et
169 2135 374 2197 Plutarchum
398 2136 551 2216 explicari
575 2136 687 2216 possit.
734 2135 832 2216 Quod
861 2145 895 2196 ut
924 2136 1037 2197 melius
1070 2137 1283 2216 intellegatur,

113 2251 221 2331 paullo
245 2251 422 2314 accuratius
446 2252 641 2332 inquiramus
671 2252 702 2312 in
731 2273 786 2314 eas
821 2252 1011 2325 sententiaS,
1046 2273 1126 2331 quas
1154 2253 1195 2313 de
1225 2251 1286 2314 hac

113 2387 146 2428 re
169 2367 226 2428 viri
250 2367 337 2428 docti
361 2366 570 2447 protulerunt.
618 2367 761 2428 Maxime
784 2375 892 2429 autem
916 2368 999 2429 inter
1022 2389 1056 2428 se
1080 2367 1280 2440 dissentiunt,

113 2491 147 2544 ut
163 2482 214 2543 vel
230 2482 303 2544 inde
320 2483 427 2563 colligi
438 2483 542 2564 possit
556 2483 655 2544 firmis
668 2483 864 2563 argumentis
877 2503 932 2543 eos
946 2503 1149 2563 nequaquam
1165 2483 1231 2544 niti.
1241 2521 1284 2527 —-

201 2624 253 2686 Ac
276 2626 397 2705 primus
421 2625 552 2705 quidem
575 2625 903 2687 —conservabimus
928 2625 1012 2686 enim
1037 2626 1182 2686 ordinem
1206 2633 1283 2686 tem·

112 2741 200 2821 poris
235 2778 279 2785 —
316 2741 347 2801 in
380 2740 462 2802 hanc
493 2761 560 2801 rem
595 2740 777 2821 diligentius
814 2740 977 2821 inquisivit
1009 2741 1118 2802 Hirzel
1132 2739 1190 2823 61),
1231 2741 1285 2822 qui

111 2875 316 2918 communem
340 2856 509 2918 amborum
539 2843 661 2917 sontem
689 2857 953 2937 praecipuum
991 2856 1077 2940 (nam
1106 2857 1176 2918 aliis
1208 2877 1284 2937 quo-

113 2992 177 3052 que
212 2980 339 3053 praeter
374 2972 458 3033 hunc
494 2993 549 3034 eos
585 2993 660 3034 usos
695 2993 764 3034 esse
799 2991 863 3033 non
887 2971 995 3055 negat)
1019 2980 1109 3033 acta
1133 2973 1282 3034 diurna

112 3087 209 3149 fuisse
225 3087 274 3148 his
298 3087 403 3150 verbis
426 3088 592 3150 contendit
615 3088 656 3170 (p.
682 3087 754 3170 42):
779 3126 823 3133 —
852 3109 943 3149 »cum
960 3087 1091 3149 Tacitus
1115 3107 1187 3149 ann.
1205 3087 1285 3148 XVI

111 3219 152 3263 22
179 3203 267 3264 dicat
287 3205 439 3264 »»diurna
462 3203 572 3284 populi
589 3203 728 3264 Romani
752 3224 808 3285 per
831 3205 1021 3285 provincias
1046 3223 1103 3284 per
1126 3204 1285 3265 exercitus

110 3320 251 3380 curatius
283 3318 446 3399 leguntur,
484 3327 519 3380 ut
542 3329 705 3393 noscatur,
740 3320 816 3401 quid
848 3320 991 3382 Thrasea
1024 3339 1088 3380 non
1120 3318 1283 3395 feceritr‹<;

110 3434 231 3496 Plinius
255 3456 304 3515 ep.
331 3436 392 3496 Vll
416 3452 455 3513 33
487 3461 498 3491 »
509 3455 723 3514 »quamquam
747 3435 1059 3516 diligentiamtuam
1083 3435 1192 3515 fugere
1215 3455 1280 3496 non

110 3551 236 3630 possit,
262 3571 335 3612 cum
365 3552 406 3612 sit
436 3553 472 3611 in
497 3551 576 3612 actis
607 3550 796 3631 publicis«<‹‚
831 3571 903 3613 cum
932 3552 1029 3612 etiam
1060 3551 1124 3612 Dio
1156 3550 1285 3612 Cassius

110 3661 316 3751 ὑπομνήματα
332 3666 385 3728 illa
403 3668 469 3728 sive
485 3669 650 3749 γράμματα
667 3665 799 3751 δημόσια
815 3668 867 3729 vel
882 3670 969 3728 κοινά
986 3667 1113 3746 saepius
1129 3667 1282 3739 nominet,

109 3783 262 3862 equidem
294 3803 358 3844 non
390 3783 502 3844 dubito
539 3783 732 3842 contendere
759 3783 964 3844 Plutarchum
1002 3792 1035 3842 et
1067 3782 1216 3843 Tacitum
1249 3783 1281 3842 in

109 3897 258 3977 plurimis
290 3898 397 3972 rebus,
435 3898 623 3978 praesertim
653 3898 706 3958 ubi
735 3897 832 3959 verba
856 3899 1074 3972 consentiunt,
1107 3899 1187 3959 actis
1211 3897 1282 3971 illis,

108 4034 195 4093 quae
219 4013 324 4094 primo
348 4014 476 4094 publice
499 4009 675 4093 proposita,
701 4013 815 4075 deinde
839 4035 858 4074 a
882 4013 989 4074 multis
1013 4014 1204 4094 transcripta
1227 4033 1285 4094 per

107 4130 294 4208 provincias
324 4129 537 4209 vulgabantur
576 4138 608 4191 et
639 4129 841 4210 legebantur,
883 4139 998 4210 postea
1028 4129 1154 4209 publice
1186 4149 1283 4190 asser·

106 4245 283 4319 vabantur,
316 4265 391 4306 usos
420 4266 498 4307 esse.
546 4246 583 4306 Id
615 4245 734 4308 factum
765 4266 833 4307 esse
863 4246 1019 4326 imprimis
1042 4244 1212 4307 verisimile
1235 4253 1285 4306 est

185 4447 218 4517 61)
239 4451 255 4502 1.
276 4451 291 4501 1.
