3218 5058
1288 412 1330 478 57

248 605 321 686 Jam
345 627 421 669 vero
444 609 687 690 progrediamur
710 610 751 672 ad
771 608 867 672 aliam
891 629 1037 672 caussam
1061 609 1266 685 afferendam,
1291 611 1332 674 de

163 739 227 800 qua
248 721 316 802 jam
340 721 460 785 Clason
475 721 526 807 ¹⁰⁴)
549 733 582 786 et
605 723 792 807 Nipperdey
814 724 967 786 nonnulla
990 707 1199 807 protulerunt.
1247 725 1332 788 Nam

162 855 205 896 ex
221 837 291 918 ipsa
308 837 412 901 Taciti
429 839 586 902 scribendi
603 841 735 916 ratione,
761 860 858 922 equa
881 841 1035 903 severitas
1058 840 1126 922 ejus
1142 835 1332 922 etg‘ravitas

162 959 332 1035 tantopere
366 956 527 1030 eluceant,
564 955 781 1036 colligendum
814 964 864 1018 est
896 977 969 1018 eum
999 977 1064 1018 non
1088 976 1185 1019 unum
1209 956 1332 1019 fontem

162 1067 204 1128 ad
228 1070 360 1154 verbum
384 1069 449 1134 sere
471 1091 599 1154 semper
622 1081 766 1135 secutum
790 1091 868 1134 esse.
915 1071 1029 1153 Neque
1052 1073 1138 1134 enim
1161 1073 1331 1154 quisquam
1414 1154 1416 1158 Ι

161 1192 276 1264 putare
298 1194 408 1267 potest
440 1207 513 1248 eum
537 1188 634 1249 etiam
664 1187 875 1250 hoc-dicendi
903 1207 1020 1268 genus,
1052 1188 1140 1268 quod
1163 1187 1331 1251 Taciteum

161 1300 327 1363 nominare
350 1301 509 1377 solemuS,
540 1323 559 1364 a
583 1302 672 1365 fonte
695 1324 754 1366 suo
777 1304 973 1385 repetivisse.
1022 1302 1119 1384 Quod
1142 1304 1168 1366 si
1193 1303 1329 1376 fecisset,

161 1417 329 1495 quomodo
352 1426 447 1498 putas
470 1417 537 1480 fieri
562 1419 719 1500 potuisse,
754 1429 804 1494 ut,
830 1438 904 1482 cum
925 1439 991 1481 non
1015 1419 1131 1481 eodem
1154 1420 1196 1481 ad
1219 1439 1331 1482 omnes

161 1530 367 1594 historiarum
397 1542 429 1596 et
459 1534 620 1596 annalium
651 1534 750 1597 libros
779 1535 964 1597 scribendos
988 1535 1034 1597 uti
1066 1536 1208 1616 potuerit
1231 1534 1328 1610 sonte,

162 1655 271 1709 tamen
295 1650 408 1712 eadem
433 1651 465 1711 in
489 1651 637 1714 omnibus
668 1651 729 1713 illis
760 1660 845 1713 esset
868 1651 973 1713 Taciti
996 1650 1155 1713 scribendi
1178 1651 1261 1713 ratio
1285 1659 1330 1712 ut-

161 1782 224 1842 que
239 1783 279 1825 ne
295 1766 462 1828 minimum
478 1767 607 1848 quidem
620 1767 813 1830 inveniretur
824 1767 961 1848 signum,
979 1787 1045 1848 quo
1056 1767 1331 1828 demonstraretur

161 1877 224 1940 hoc
236 1879 332 1942 illove
351 1880 427 1944 loco
444 1882 580 1944 alterum
599 1882 722 1944 fontem
742 1884 831 1963 sequi
844 1902 918 1944 eum
934 1883 1104 1958 destitisse,
1128 1881 1263 1943 alterum
1278 1881 1330 1943 ad·

160 1993 268 2057 hibere
280 1997 445 2079 incepisse.
464 1998 556 2079 Quae
568 2018 641 2060 cum
654 1999 698 2060 ita
711 1999 782 2073 sint,
798 2018 837 2060 ne
849 1997 1032 2060 Mommsen
1042 1997 1172 2080 quidem
1184 1997 1250 2082 (pp.
1265 2010 1326 2076 315

160 2109 221 2192 sq.)
233 2109 351 2204 negare
363 2114 460 2175 audet
479 2113 638 2194 permulta
659 2114 719 2194 ipsi
741 2113 857 2176 Tacito
881 2113 1048 2177 tribuenda
1072 2133 1151 2188 esse,
1170 2121 1203 2175 et
1214 2113 1330 2175 Nissen

160 2225 202 2307 (p.
215 2223 346 2309 512)vel
354 2227 533 2291 haecdicit:
554 2229 649 2291 »Wer
657 2229 734 2291 aber
741 2229 793 2292 die
801 2229 1120 2310 Darstellungsartim
1129 2228 1329 2291 Zusammen-

159 2339 247 2422 hang
264 2326 322 2405 mil
334 2344 466 2407 Tacitus
487 2344 617 2428 gepriiit
633 2344 698 2421 hat,
721 2346 800 2408 wird
812 2346 995 2409 Letzterem
1014 2346 1072 2407 das
1096 2345 1183 2407 Zeu
1197 2365 1252 2426 gn
1264 2345 1274 2406 i
1286 2365 1330 2408 ss

160 2457 350 2539 vblliger
389 2459 665 2541 Originalitat
710 2462 787 2524 und
831 2461 1098 2524 vollendeter
1140 2460 1328 2523 Meister·

160 2573 297 2636 schast
331 2574 419 2638 nicht
450 2576 704 2639 vorenthalten.‹<
762 2577 854 2658 Quae
888 2597 1085 2659 quamquam
1120 2577 1329 2639 libentissime

159 2690 311 2765 concedo,
336 2700 444 2754 tamen
467 2691 622 2774 profiteor
645 2713 697 2755 me
719 2713 785 2755 non
807 2692 1002 2774 intellegere,
1028 2713 1093 2774 quo
1114 2693 1183 2774 jure
1206 2693 1227 2754 ii
1251 2692 1328 2754 talia

159 2805 275 2881 dicant,
302 2808 355 2887 qui
373 2807 523 2871 Tacitum
540 2809 572 2870 in
589 2808 764 2872 scribendis
787 2809 898 2892 primis
921 2807 1126 2871 historiarum
1149 2808 1237 2871 libris
1261 2817 1328 2871 tam

159 2929 307 2984 accurate
329 2921 453 2987 sontem
477 2945 569 2987 suum
593 2934 738 2987 secutum
762 2945 833 2987 esse
856 2925 1068 3000 contendunt,
1103 2934 1139 2986 ut
1161 2925 1234 2986 inde
1258 2944 1328 3007 pro-

159 3036 352 3100 ficisceretur
392 3059 518 3103 summa
564 3041 618 3104 illa
659 3041 835 3104 similitudo
877 3059 987 3102 eorum
1028 3050 1125 3122 atque
1168 3040 1328 3102 Plutarchi

159 3154 304 3216 vitarum.
352 3155 506 3231 Accedit,
543 3158 631 3238 quod
665 3158 734 3240 ipse
765 3155 881 3219 Nissen
913 3157 992 3219 dicit
1025 3156 1067 3241 (p.
1096 3169 1111 3234 5
1159 3155 1170 3239 l
1205 3166 1328 3218 veteres

159 3271 332 3351 scriptores
348 3271 389 3334 ab
413 3273 596 3336 auctoribus
620 3273 787 3335 materiem
810 3272 914 3335 solam
937 3282 1056 3356 petere,
1082 3271 1220 3340 formam
1244 3271 1327 3334 iacil-

159 3385 233 3448 lime
264 3397 463 3450 commutare
498 3389 612 3452 solitos
636 3370 722 3451 esse.
771 3388 867 3469 Quod
901 3389 969 3451 sine
999 3388 1097 3451 dubio
1127 3408 1238 3450 verum
1261 3396 1326 3464 est;

159 3522 232 3564 nam
248 3512 391 3565 veterum
408 3503 561 3565 historiae
573 3504 759 3567 scribendae
772 3505 929 3566 rationem
941 3505 1122 3587 propinqua
1133 3504 1328 3584 cognatione

158 3619 314 3701 attingere
333 3629 435 3682 artem
452 3619 644 3682 rhetoricam
656 3621 734 3682 satis
753 3629 866 3683 notum
883 3629 947 3696 est;
973 3620 1065 3683 aliter
1083 3621 1168 3682 enim
1186 3618 1328 3682 sontibus

159 3735 201 3796 uti
226 3734 374 3798 solebant
397 3735 479 3797 illius
503 3736 674 3817 temporis,
700 3735 792 3798 aliter
815 3737 911 3798 medii
935 3737 1005 3798 aevi
1029 3737 1209 3817 scriptores,
1235 3755 1325 3816 quos,

158 3852 244 3932 quod
268 3851 312 3913 illi
336 3871 401 3913 non
424 3851 574 3926 fecerant,
601 3851 712 3914 secisse
735 3853 813 3914 satis
837 3862 982 3914 constat:
1009 3873 1084 3914 nam
1107 3852 1178 3933 ipsa
1200 3851 1325 3926 horum,

157 3968 210 4047 qui
234 3975 308 4029 ante
337 3988 393 4029 eos
423 3968 633 4050 scripserant,
667 3967 765 4030 verba
794 3968 826 4030 in
858 3968 923 4031 suis
954 3968 1104 4050 operibus
1128 3965 1325 4049 repetebant.

158 4081 239 4144 Cum
251 4092 359 4145 autem
378 4083 474 4145 ceteri
486 4093 610 4147 veteres
626 4085 798 4166 scriptores
816 4084 954 4146 formam
978 4084 1128 4147 facillime
1153 4091 1324 4158 mutarent,

228 4276 271 4344 ¹⁰⁴)
294 4280 374 4331 »Pure
394 4296 417 4330 u.
432 4281 509 4331 Tae«
531 4297 573 4346 pp.
594 4293 627 4330 20
645 4297 683 4345 sq.
707 4281 927 4332 »Tac.u.sr1et.«
947 4293 1055 4346 pp,122
1075 4297 1111 4345 sq.

229 4374 272 4444 1υὸ)
292 4377 308 4428 l.
329 4378 345 4428 l.
364 4394 389 4442 p.
411 4378 443 4428 28
463 4394 519 4428 ann.
