3218 5058
1286 413 1328 478 21

155 613 260 692 patuit
274 612 423 674 vallum«
463 611 583 675 Contra
598 612 785 676 Plutarchus
801 612 852 697 (Ο.
876 610 925 695 13)
949 632 1013 673 non
1037 632 1086 686 e0,
1112 611 1200 693 quod
1223 611 1322 694 legati

155 729 268 789 retenti
299 738 421 803 essent
392 728 704 791 thacsitationem
735 727 928 790 Othonianis
956 727 1088 790 allatam
1118 748 1189 790 esse
1217 729 1323 804 tradit,

154 844 210 905 sed
240 845 315 924 quia
339 844 502 906 Titianum
535 845 747 926 poenituisset
776 845 902 924 legatos
930 845 972 906 ad
999 843 1168 905 Vitellium
1201 844 1325 907 misisse

155 956 219 1043 („iu
236 959 269 1022 δὲ
285 962 378 1042 τοὺτῳ
396 964 539 1043 μετάνοια
556 956 693 1023 Τιτιανὸν
711 959 800 1043 ἔσχεν
825 957 1021 1045 ἐκπέμψαντα
1044 961 1114 1031 τοὺς
1137 960 1321 1042 πρέσβεις44).

155 1074 247 1154 Quae
262 1096 336 1138 cum
352 1077 397 1138 ita
413 1077 485 1151 sint,
511 1097 553 1137 ex
576 1096 648 1137 mea
672 1076 830 1137 sententia
853 1074 991 1138 dubitari
1015 1095 1080 1136 non
1103 1083 1221 1156 potest,
1247 1076 1323 1156 quin

153 1190 215 1252 hoc
245 1191 318 1252 loco
342 1191 529 1253 Plutarchus
562 1191 659 1253 alium
689 1201 787 1272 atque
817 1191 948 1252 solitum
977 1189 1100 1253 sontem
1132 1191 1320 1255 adhibuerit.

153 1307 299 1382 Accedit,
325 1308 413 1388 quod
428 1329 475 1388 ea,
501 1328 583 1388 quae
600 1308 668 1388 ipse
683 1307 734 1368 vel
751 1308 915 1369 audiverat
931 1307 981 1368 vel
1006 1307 1137 1382 viderat,
1163 1306 1323 1368 nonnullis

152 1443 281 1503 quoque
312 1423 381 1484 aliis
412 1423 490 1484 locis
521 1433 618 1504 atque
648 1423 725 1498 illis,
757 1423 872 1504 quibus
902 1424 1008 1504 ipsum
1032 1443 1105 1484 eum
1128 1423 1191 1484 hoc
1215 1423 1320 1485 dicere

149 1538 216 1617 jam
240 1559 335 1620 supra
359 1540 668 1613 demonstravimus,
695 1539 867 1602 narrationi
891 1539 1098 1601 admiscuisse
1121 1539 1262 1613 videtur,
1288 1547 1323 1600 ut

152 1653 251 1736 (quod
284 1652 402 1716 Clason
437 1655 456 1718 l.
490 1655 509 1716 l.
547 1676 577 1736 p.
614 1672 635 1733 9
670 1654 773 1738 affert)
808 1675 859 1729 ea,
896 1675 979 1736 quae
1014 1653 1052 1717 G.
1079 1656 1120 1716 28
1156 1675 1176 1716 a
1206 1654 1321 1716 Tacito

151 1771 375 1850 praetermissa
392 1772 501 1833 tradit:
528 1767 566 1847 „ri
583 1771 616 1833 δὲ
639 1776 729 1840 τόπος
753 1767 920 1852 Σεσσώριον
945 1771 1118 1833 καλεῖται44.
1154 1770 1321 1832 Praeterea

150 1886 211 1946 hac
243 1906 372 1966 quoque
396 1907 429 1948 re
453 1887 638 1966 opinionem
662 1907 768 1948 meam
792 1887 921 1968 probari
946 1886 1097 1961 arbitror,
1132 1886 1219 1966 quod
1243 1905 1318 1948 non·

150 2000 244 2062 nullis
279 2022 321 2062 ex
355 2002 392 2062 iis
428 2002 522 2077 locis,
559 2003 613 2082 qui
643 2002 705 2064 huc
728 2003 904 2083 pertinent,
935 2002 1023 2064 nulla
1046 2002 1180 2083 cogitari
1212 2010 1321 2082 potest

150 2137 270 2191 caussa,
296 2137 351 2178 cur
368 2119 508 2191 Tacitus
534 2119 560 2180 si
584 2139 630 2193 ea,
656 2138 738 2198 quae
762 2118 803 2179 ab
826 2119 898 2200 ipso
921 2138 986 2180 non
1010 2118 1110 2180 relata
1132 2117 1320 2180 Plutarchus

149 2232 255 2306 tradit,
281 2234 312 2294 in
337 2233 425 2295 fonte
448 2233 504 2295 illo
528 2235 691 2300 communi
714 2235 833 2315 scripta
856 2235 1037 2308 invenisset,
1063 2254 1127 2295 non
1150 2234 1220 2314 ipse
1242 2253 1318 2314 quo-

149 2369 227 2428 quc,
264 2357 299 2410 ut
331 2349 533 2424 PlutarchuS,
570 2351 752 2431 recepisset.
800 2349 855 2411 An
886 2350 991 2425 vides,
1028 2370 1082 2412 cur
1117 2349 1191 2412 loco
1219 2348 1318 2410 modo

149 2464 280 2526 laudato
311 2465 394 2550 (hist.
421 2467 434 2525 l
463 2465 518 2548 49)
551 2466 707 2546 Argium,
737 2467 884 2545 ignotum
912 2465 1091 2540 hominem,
1127 2465 1316 2539 nominaret,

147 2580 332 2642 Helvidium
348 2581 499 2656 Priscum,
526 2583 627 2642 virum
644 2581 891 2644 illustrissimum
908 2590 941 2643 et
963 2581 1003 2643 de
1027 2602 1092 2662 quo
1116 2581 1224 2643 multis
1248 2580 1317 2642 aliis

148 2696 226 2758 locis
241 2694 279 2780 44)
302 2697 452 2778 loquitur,
478 2698 605 2759 silentio
629 2698 913 2778 praetermitteret,
949 2698 974 2758 si
992 2697 1030 2758 in
1055 2696 1143 2760 fonte
1166 2696 1217 2758 hic
1241 2716 1316 2777 quo-

148 2833 210 2892 que
233 2814 416 2875 nominatus
441 2813 544 2876 esset?

239 2929 379 2991 Tantum
403 2938 511 2991 autem
536 2929 644 3004 abest,
678 2938 712 2990 ut
736 2929 884 2991 omnibus
908 2929 945 2990 iis
980 2927 1073 3003 lociS,
1096 2927 1222 3009 ¹quibus
1246 2928 1313 2989 Plu·
1367 2931 1371 2938 '

147 3044 275 3107 tarchus
288 3043 423 3120 uberius,
449 3065 546 3125 quam
563 3046 703 3119 Tacitus,
729 3064 777 3106 res
802 3054 935 3118 enarrat,
961 3044 1042 3106 alios
1065 3053 1163 3125 atquc
1185 3043 1317 3106 solitum

147 3181 219 3222 eum
244 3162 422 3242 inspexisse
447 3160 551 3223 fontes
575 3161 753 3242 putandum
777 3161 834 3235 sit,
869 3170 904 3223 ut
935 3160 1037 3223 multo
1066 3159 1208 3241 pluribus
1237 3159 1316 3222 locis

146 3275 227 3337 haec
247 3277 407 3338 Plutarchi
432 3276 560 3339 ubertas
584 3277 658 3339 inde
682 3297 829 3338 manasse
852 3276 929 3337 mihi
953 3276 1106 3350 videatur,
1132 3277 1220 3356 quod
1244 3295 1316 3338 con-

146 3393 347 3454 suetudinem
363 3414 453 3454 suam
471 3403 597 3456 secutus
614 3413 769 3476 ea,.quae
792 3393 823 3454 in
848 3392 937 3455 fonte
960 3393 1133 3466 invenerat,
1159 3393 1200 3453 ad
1224 3410 1316 3454 suum

145 3507 311 3570 arbitrium
327 3509 496 3570 exornavit
512 3518 609 3589 atque
625 3506 843 3589 amplificavit.
881 3507 989 3588 Quam
1005 3508 1037 3568 in
1060 3528 1136 3582 rem,
1163 3509 1315 3588 quoniam
1410 3537 1414 3544 ·

145 3625 262 3685 summi
278 3625 403 3686 videtur
420 3625 575 3686 momenti
592 3645 670 3697 esse,
689 3624 866 3686 accuratius
883 3623 1039 3704 inquirere
1056 3623 1133 3685 mihi
1150 3625 1313 3704 proposui,

145 3740 333 3819 praesertim
370 3761 443 3801 cum
476 3741 574 3802 etiam
604 3739 722 3802 Clason
754 3739 867 3801 leviter
896 3748 1022 3801 tantum
1054 3740 1315 3802 annotationibus

143 3853 349 3938 nonnullis45)
373 3877 445 3918 eam
469 3865 590 3936 tangat.
631 3856 772 3917 Primum
795 3855 892 3936 igitur
915 3855 1005 3917 locus
1030 3855 1106 3917 Tac.
1132 3856 1205 3918 hist.
1231 3857 1308 3935 143

144 3971 184 4032 in.
203 3974 438 4053 comparandus
454 3973 578 4034 videtur
597 3993 670 4034 cum
694 3972 767 4034 loco
783 3971 863 4034 Plut.
882 3969 921 4032 G.
948 3971 990 4032 26
1013 3980 1094 4034 extr.
1110 3968 1158 4055 45),
1199 3972 1312 4035 Tradit

216 4145 248 4216 44)
269 4149 365 4213 Dial.5
376 4151 458 4213 ;.Agr
474 4165 501 4216 23
515 4168 573 4200 ann
587 4153 648 4200 XVI
661 4151 704 4200 28.
719 4163 761 4214 33.
777 4161 822 4214 35,
838 4151 990 4212 hist.1191;
1006 4152 1080 4212 1V4.
1096 4161 1120 4214 5.
1135 4151 1159 4200 6.
1174 4165 1199 4212 9.
1212 4165 1256 4214 43.
1272 4163 1314 4216 53.

216 4243 249 4314 5)
270 4249 287 4296 l
308 4248 325 4296 l.
345 4249 517 4312 Appendixl.

215 4341 301 4412 45).σὶ
324 4347 453 4395 Clasonl.
475 4347 493 4395 l.
514 4363 540 4410 p.
562 4349 612 4410 38,
638 4363 695 4398 ann.
719 4361 741 4397 1.
769 4350 839 4397 Peter
867 4348 885 4397 l.
911 4349 927 4398 l.
947 4364 972 4412 p
992 4360 1036 4409 39
1069 4347 1271 4398 Wiedemannl.
1293 4350 1309 4400 l.

142 4459 185 4506 pp.
206 4444 239 4507 38
258 4460 295 4508 sq
318 4445 500 4494 Mommsenl.
523 4446 540 4493 l
561 4462 586 4509 p.
607 4447 668 4509 306
