3218 5058
233 405 276 490 ss

233 623 340 666 nonne
372 604 550 686 putandum
581 613 631 666 est
654 603 804 666 Tacitum
832 603 894 666 hoc
922 603 1078 686 imprimis
1103 602 1239 666 fecisse?
1285 602 1404 665 Plutar-

233 719 329 782 chum
363 728 471 782 autem
506 729 573 782 tam
608 728 755 782 accurate
790 728 955 782 auctorem
989 739 1097 794 suum,
1134 740 1231 801 quem
1254 719 1405 782 Tacitum

233 834 329 898 fuisse
357 855 540 910 censemus,
574 844 720 898 secutum
746 843 821 897 ‘esse
835 834 899 918 'vel
929 835 1013 898 hanc
1042 835 1084 897 ob
1108 855 1176 898 rem
1200 835 1315 897 mirum
1339 855 1404 897 non

232 951 464 1026 videturesse,
497 952 585 1033 quod
615 971 682 1014 non
717 931 912 1032 simpliciter
927 951 995 1033 ejus
1018 951 1168 1014 historias
1193 951 1401 1032 transcripsit,

232 1067 344 1130 sedin
368 1088 459 1130 suam
487 1051 630 1147 linguam
661 1067 827 1128 convertit.
877 1066 1001 1148 Quibus
1031 1066 1125 1129 rebus
1149 1067 1306 1149 expositis
1331 1087 1403 1130 con·

87 1181 91 1192 '
232 1183 350 1245 firmari
381 1183 506 1246 videtur
528 1183 685 1244 sententia
714 1182 769 1244 illa
799 1190 918 1257 nostra,
949 1202 1096 1244 caussam
1126 1203 1299 1246 consensus
1323 1184 1405 1245 inter

232 1298 381 1361 Tacitum
412 1307 445 1360 et
468 1297 673 1360 Plutarchum
701 1299 858 1362 exstantis
888 1318 953 1361 non
977 1319 996 1360 a
1019 1300 1199 1362 communis
1222 1298 1320 1362 fontis
1344 1321 1402 1362 usu

233 1435 303 1477 esse
326 1416 510 1497 petendam.

320 1530 459 1593 Accedit
481 1530 544 1593 alia
573 1551 702 1605 caussa,
737 1551 834 1611 quam
864 1530 1003 1593 breviter
1023 1530 1091 1612 jam
1114 1530 1302 1613 Nipperdey
1325 1530 1356 1616 (l.
1381 1532 1401 1594 l.

231 1666 262 1728 p.
290 1648 341 1710 28.
366 1646 453 1730 ann.)
476 1645 577 1709 affert.
624 1647 713 1708 Dicit
736 1646 838 1708 enim:
875 1645 966 1708 »Wie
996 1638 1145 1740 kann-es
1172 1646 1335 1727 glaublich
1359 1668 1403 1710 er-

230 1762 389 1838 scheinen,
414 1763 489 1826 dass
505 1762 637 1825 Tacitus
653 1763 705 1825 ein
727 1762 948 1825 allbekanntes
964 1761 1065 1823 Werk
1088 1783 1145 1824 aus
1168 1762 1224 1826 der
1248 1761 1403 1825 nachsten

231 1879 302 1941 Zeit
333 1879 365 1940 in
395 1879 498 1941 dieser
518 1877 638 1940 'Weise
666 1878 917 1960 abgeschrieben
947 1878 1037 1940 h'atte
1067 1879 1130 1940 und
1154 1878 1239 1941 doch
1262 1880 1403 1942 seinen

231 1994 534 2076 Zeitgenossen
558 1994 619 2058 als
643 1994 773 2056 einso
797 1993 1404 2058 bedeutenderSchriltsteller

230 2109 416 2173 erschienen
438 2115 538 2185 wilre,
569 2110 629 2172 wie
660 2130 694 2172 es
717 2109 900 2192 geschehen
923 2108 1000 2172 isti«
1051 2110 1148 2191 Quod
1178 2119 1403 2192 argumentum

230 2225 335 2288 adhuc
369 2245 433 2287 non
463 2226 544 2288 tanti
573 2226 719 2289 habitum
749 2245 819 2288 esse
842 2226 980 2300 videtur,
1013 2226 1124 2307 quanti
1147 2227 1253 2289 debet.
1300 2225 1353 2288 Ac
1376 2227 1403 2289 si

230 2342 300 2423 quis
324 2343 516 2404 sententiam
539 2342 733 2404 contrariam
757 2342 894 2423 probare
917 2342 995 2404 velit
1018 2342 1171 2425 exemplo
1187 2343 1281 2416 Livii,
1306 2363 1403 2423 quem

229 2457 401 2538 Polybium
417 2459 654 2521 accuratissime
674 2467 820 2521 secutum
843 2478 914 2520 esse
937 2458 1015 2520 satis
1039 2467 1175 2533 constat,
1202 2459 1255 2534 illl,
1282 2468 1316 2521 ut
1340 2458 1403 2520 alia

230 2574 396 2648 omittam,
433 2574 691 2657 respondendum
722 2582 771 2636 est
794 2574 922 2636 Livium
946 2573 1105 2637 Graecum
1138 2596 1220 2659 opus
1251 2576 1283 2636 in
1311 2595 1402 2637 suam
1473 2645 1476 2650 ¹

230 2689 373 2771 linguam
408 2689 625 2765 transtulisse,
669 2710 734 2752 non
769 2681 921 2753 latinum
958 2691 1146 2774 simpliciter
1184 2692 1400 2774 descripsisse.

229 2804 341 2885 Atque
354 2804 422 2886 jam
435 2825 532 2886 supra
544 2806 835 2868 demonstravimus
848 2807 900 2868 vel
917 2828 959 2869 ex
974 2808 1134 2869 nonnullis
1149 2807 1240 2896 Plinii
1257 2807 1402 2888 epistolis

230 2921 344 2984 Tacito
375 2922 536 3002 inscriptis
573 2921 682 3003 colligi
714 2943 811 3003 posse
838 2922 922 2984 hunc
961 2923 1107 2986 avunculi
1141 2922 1224 2985 illius
1262 2923 1403 2986 historiis

229 3056 294 3098 non
325 3037 386 3112 ita,
423 3046 457 3099 ut
490 3036 632 3099 nonnulli
663 3045 792 3119 putant,
828 3059 921 3100 usum
951 3059 1030 3101 esse.
1078 3039 1122 3102 Et
1149 3039 1247 3101 etiam
1274 3039 1337 3101 hoc
1360 3060 1402 3100 ex

232 3152 378 3235 epistolis
409 3153 522 3214 iisdem
545 3153 671 3216 videtur
708 3173 872 3237 apparere,
905 3154 1040 3216 Plinium
1071 3156 1204 3218 omnino
1233 3175 1298 3218 non
1328 3175 1402 3217 eum

229 3277 360 3351 putasse
383 3268 551 3343 Tacitum,
587 3270 641 3350 qui
676 3268 726 3332 vel
761 3269 859 3332 alium
894 3271 1082 3353 scriptorem
1118 3270 1182 3333 lere
1217 3270 1322 3334 solum
1352 3291 1401 3333 ac-

228 3385 428 3446 curatissime
443 3393 637 3465 sequeretur.
675 3383 757 3448 Cum
781 3394 890 3448 autem
905 3385 1025 3448 Plinius
1042 3386 1191 3450 Tacitum
1215 3386 1313 3449 talem
1337 3407 1401 3448 non

228 3500 398 3583 putaverit,
424 3500 518 3563 nobis
542 3500 645 3563 multo
670 3501 774 3563 minus
797 3502 860 3565 hoc
884 3501 1066 3566 laciendum
1090 3504 1223 3566 videtur.

312 3616 385 3697 Jam
409 3637 495 3691 veru,
521 3625 556 3679 ut
578 3618 677 3678 etiam
701 3618 805 3699 magis
828 3619 1021 3680 sententiam
1045 3639 1152 3682 meam
1176 3619 1398 3701 comprobem,

228 3733 309 3794 duos
326 3731 425 3807 locos,
451 3732 587 3795 alterum
604 3732 718 3807 Taciti,
744 3734 880 3796 alterum
896 3733 1067 3807 Plutarchi,
1092 3734 1233 3810 afferam,
1258 3736 1312 3816 qui
1336 3755 1400 3797 non

229 3847 417 3928 neglegendi
452 3848 600 3910 videntur
633 3868 712 3911 esse.
771 3849 976 3912 Inveniuntur
1010 3851 1095 3912 enim
1130 3852 1215 3933 apud
1251 3850 1400 3913 Tacitum

228 3962 301 4025 hist.
322 3963 373 4040 14
389 3962 468 4025 haec
484 3963 597 4026 verba:
627 3963 795 4028 »Ceterum
822 3974 996 4047 antequam
1019 3967 1178 4030 destinata
1194 3986 1399 4050 componam,

228 4078 438 4160 repetendum
473 4080 613 4154 videtur,
649 4080 753 4161 qualis
787 4089 890 4144 status
923 4082 1027 4159 urbis,
1069 4103 1151 4163 quae
1187 4103 1277 4145 mens
1312 4103 1399 4145 exer-

228 4195 358 4269 cituum,
383 4195 454 4275 quis
473 4194 601 4257 habitus
626 4197 871 4277 provinciarum,
897 4197 973 4278 quid
992 4197 1025 4259 in
1048 4206 1120 4260 toto
1144 4208 1298 4261 terrarum
1322 4197 1401 4261 orbe

228 4310 388 4384 validum,
424 4310 500 4391 quid
520 4331 653 4392 aegrum
677 4311 783 4390 suerit,
820 4322 942 4375 utnon
966 4314 1065 4375 modo
1088 4334 1181 4376 casus
1204 4322 1400 4395 eventusque

227 4446 341 4504 rerum,
367 4426 420 4508 qui
433 4426 620 4508 plerumque
641 4427 763 4490 fortuiti
787 4438 870 4506 sunt,
895 4429 952 4491 sed
977 4430 1058 4491 ratio
1081 4429 1180 4492 etiam
1203 4450 1399 4512 caussaeque
