3218 5058
1239 427 1281 492 37

114 633 218 686 tamen
241 623 505 686 verisimillimam
530 643 602 685 earn
627 643 697 686 esse
714 643 754 686 ne
768 623 951 685 Mommsen
972 623 1102 704 quidem
1112 621 1149 707 ⁷⁶)
1172 633 1279 706 negat.

113 741 245 803 Etiamsi
278 759 355 801 vero
389 739 472 801 hunc
514 739 716 820 neglegimus
750 738 870 814 locum,
908 739 1043 802 eflicitur
1082 747 1206 815 tamen,
1247 749 1282 803 ut

113 857 225 919 Nissen
249 856 279 939 (l.
306 855 339 939 l.)
371 855 526 928 ostendit,
559 875 601 916 ex
630 855 668 916 iis
698 855 775 936 ipsis
805 853 900 929 locis,
941 855 1056 936 quibus
1086 856 1118 917 in
1155 856 1281 919 duobus

113 973 219 1054 primis
243 972 331 1034 libris
348 970 479 1033 Tacitus
505 969 653 1033 Cluvium
677 981 913 1033 commemorat
936 971 1019 1055 (hist.
1044 972 1067 1033 I.
1094 973 1129 1048 8;
1157 973 1214 1052 763
1239 973 1276 1035 ΙΙ.

116 1091 171 1168 58;
196 1086 260 1170 65),
285 1087 368 1150 hunc
392 1107 456 1149 non
481 1087 576 1150 fuisse
600 1086 722 1149 sontem
746 1087 953 1168 praecipuum
976 1087 1089 1148 Taciti.

197 1187 311 1284 Neque
353 1204 457 1284 magis
498 1189 537 1266 eo
572 1211 777 1284 argument0,
819 1204 907 1284 quod
937 1203 1066 1266 tertium
1098 1203 1280 1268 Mommsen

112 1320 239 1402 profert,
255 1340 327 1382 cum
338 1320 379 1382 ad
388 1340 426 1380 ea
434 1329 604 1400 provocet,
623 1339 759 1399 quorum
771 1318 958 1381 Plutarchus
966 1318 1150 1383 Secundum
1165 1330 1282 1384 testem

111 1436 263 1510 nominat,
288 1434 470 1496 confirmari
494 1435 561 1517 ejus
586 1435 771 1515 opinionem
794 1434 845 1496 vel
869 1455 910 1495 ex
934 1432 972 1496 iis
996 1444 1095 1516 patet,
1121 1457 1205 1518 quae
1233 1437 1274 1499 de

113 1552 170 1613 hac
194 1571 226 1612 re
250 1572 346 1632 supra
369 1550 542 1612 attulimus.
596 1549 747 1626 Accedit,
784 1550 886 1632 quod,
922 1551 1047 1612 etiarnsi
1084 1571 1160 1614 vera
1191 1561 1275 1614 esset

112 1687 221 1729 eorum
244 1666 416 1741 sententia,
457 1667 511 1749 qui
534 1665 739 1728 Plutarchum
771 1666 879 1728 locum
917 1665 1007 1728 illum
1037 1687 1101 1728 non
1130 1667 1171 1729 ab
1205 1647 1277 1748 ipso

111 1783 258 1846 Secundo
295 1783 446 1864 petivisse
480 1782 685 1857 arbitrantur,
727 1791 835 1844 tamen
874 1781 962 1844 nulla
997 1783 1132 1864 cogitari
1170 1791 1280 1864 potest

111 1920 236 1974 caussa,
261 1920 316 1961 cur
339 1897 504 1960 Secundus
528 1898 580 1960 alii
604 1899 750 1978 scriptori
780 1918 845 1959 non
880 1917 981 1979 aeque
1011 1918 1050 1962 ac
1087 1897 1200 1961 Cluvio
1225 1899 1280 1961 illa

111 2035 254 2077 narrasse
277 2016 382 2095 putari
407 2015 520 2096 possit.

199 2131 361 2212 Quoniam
400 2131 496 2211 igitur
537 2151 574 2192 ea
629 2129 849 2204 refutavimus,
891 2150 974 2211 quae
1018 2129 1199 2193 Mommsen
1240 2132 1281 2193 ad

110 2247 363 2309 confirmandam
386 2247 578 2309 sententiam
601 2242 693 2308 suani
717 2243 848 2327 profert,
879 2265 961 2306 nunc
985 2246 1111 2308 adeam
1127 2266 1195 2308 rem
1208 2266 1278 2328 pro·

111 2363 308 2444 grediamur,
345 2383 408 2444 qua
437 2362 488 2423 vel
518 2361 588 2424 sola
619 2361 713 2443 plane
737 2362 972 2423 demonstretur
1002 2381 1067 2423 non
1097 2371 1183 2424 recte
1205 2382 1280 2424 eum

108 2479 258 2560 judicare.
297 2478 522 2560 Colligendum
538 2479 623 2539 enim
638 2487 695 2552 est,
721 2487 756 2539 ut
771 2477 840 2559 jam
859 2498 955 2559 supra
973 2477 1275 2554 demonstravimus
1322 2481 1324 2486 ’

112 2616 153 2656 ex
192 2594 264 2656 loco
300 2595 377 2657 Tae.
426 2594 497 2656 hist.
538 2595 560 2656 l.
594 2595 634 2673 78
666 2602 855 2674 comparato
894 2580 968 2654 cum
997 2593 1077 2655 Plut.
1104 2587 1145 2656 O.
1178 2610 1195 2672 3
1227 2593 1279 2656 hic

111 2720 197 2772 certe
220 2711 369 2772 Tacitum
398 2730 462 2772 non
492 2709 675 2772 adhibuisse
700 2707 847 2770 Cluvium
870 2707 1006 2771 Rufum
1064 2708 1170 2790 Quem
1204 2731 1279 2792 qua·

111 2835 244 2908 propter
266 2825 328 2889 hoc
359 2827 430 2907 ipso
459 2827 532 2888 loco
565 2824 773 2905 neglexisset,
814 2826 840 2886 si
875 2825 1082 2906 praecipuum
1116 2834 1281 2887 auctorem

110 2963 184 3004 eum
208 2942 380 3016 habuisset,
405 2962 470 3003 non
493 2941 759 3022 intellegeremus
793 2940 889 3022 Quod
913 2950 1021 3001 autem
1045 2960 1084 3001 eo
1107 2938 1190 3013 loco,
1216 2958 1281 3019 quo

110 3058 198 3132 solo,
235 3059 260 3119 si
293 3059 334 3120 ad
361 3059 442 3119 duos
466 3059 587 3138 primos
618 3057 822 3119 historiarum
852 3057 950 3118 libros
974 3063 1167 3137 spectamus,
1193 3064 1279 3116 recte

110 3175 179 3235 sine
221 3173 285 3235 ulla
323 3173 523 3236 dubitatione
567 3173 691 3234 solvere
730 3193 901 3253 possumus
939 3171 1026 3233 illam
1057 3170 1280 3252 quaestionem

110 3289 204 3350 nobis
237 3289 454 3370 propositam,
491 3309 607 3350 ususne
646 3289 687 3350 sit
717 3288 849 3350 Tacitus
892 3286 1005 3350 Cluvio
1041 3285 1136 3361 Ruso,
1171 3305 1279 3360 necne,

109 3405 293 3486 negandam
316 3424 389 3467 eam
412 3425 482 3467 esse
506 3413 649 3486 apparet,
674 3405 916 3484 gravissimum,
941 3404 968 3465 si
991 3403 1068 3485 quid
1091 3403 1202 3478 vide0,
1237 3422 1282 3464 ar·

108 3529 301 3602 gumentum
324 3529 386 3595 est,
421 3541 486 3602 quo
510 3522 746 3582 demonstretur
770 3518 918 3580 Cluvium
941 3519 1061 3580 Rufum
1085 3538 1149 3580 non
1185 3517 1282 3579 fuisse

109 3638 318 3718 praecipuum
349 3636 453 3698 Taciti
492 3645 665 3698 auctorem.
739 3633 842 3696 Usum
873 3643 981 3696 autem
1017 3654 1090 3696 eum
1123 3653 1192 3695 esse
1226 3631 1282 3694 illo

109 3754 231 3834 pariter
254 3762 351 3834 atque
373 3752 442 3814 aliis
466 3751 673 3833 scriptoribus
697 3770 900 3833 nequaquam
923 3750 1118 3830 negaverim.

200 3897 325 3971 Restat,
350 3904 385 3958 ut
409 3896 449 3958 de
472 3916 510 3957 ea
534 3863 691 3957 sententia
716 3913 818 3975 pauca
848 3893 1007 3966 dicamus,
1044 3910 1143 3972 quam
1166 3890 1282 3953 Nissen

109 4022 142 4074 et
167 4021 243 4074 ante
267 4032 340 4074 eum
364 4011 508 4073 similiter
539 4011 607 4093 jam
631 4010 843 4073 Wiedemann
873 4046 917 4054 —
949 4007 989 4070 de
1013 4028 1077 4088 quo
1102 4027 1198 4088 supra
1222 4006 1282 4068 dis·

108 4129 296 4210 putavimus
320 4165 363 4174 -—
386 4128 595 4210 protulerunt.
665 4127 731 4208 Qui
754 4125 845 4187 Plinii
870 4124 999 4205 majoris
1023 4132 1100 4185 natu
1134 4121 1284 4184 historias

108 4264 318 4306 communem
341 4266 420 4318 esse,
446 4264 542 4326 quem
562 4264 674 4307 omnes
687 4250 852 4324 quaerunt,
870 4239 993 4302 sontem
1005 4246 1145 4302 censent.
1170 4238 1282 4320 Atque

185 4476 218 4547 ⁷⁰)
238 4479 255 4530 l.
275 4479 337 4544 lp.
359 4491 418 4541 320.
