3218 5058
259 399 301 462 38

260 593 344 656 hunc
379 591 511 665 librum,
546 611 642 672 quern
678 591 866 672 inscriptum
901 589 998 652 fuisse
1041 611 1078 652 »a
1112 589 1175 652 fine
1198 589 1309 652 Aufidi
1344 591 1435 654 Bassi

264 709 393 771 XXXN
422 686 553 768 ePlinii
577 727 626 788 ep.
658 707 701 768 III
729 707 780 784 5.6
804 715 947 787 apparet,
973 713 1006 768 et
1029 727 1094 787 quo
1129 716 1270 768 aetatem
1304 708 1443 790 impera„

261 835 368 888 torum
404 845 423 885 a
452 822 581 884 Nerone
620 841 720 903 usque
753 823 794 883 ad
828 821 1067 903 Vespasianum
1096 822 1303 904 complexam
1337 823 1436 887 luisse

262 940 432 1003 verisimile
456 936 561 1021 estii),
587 938 720 1000 Tacitus
744 937 844 999 tribus
868 938 947 999 locis
971 937 1054 1021 (ann.
1080 938 1165 1000 XIII.
1192 955 1248 1015 20;
1268 939 1350 1001 XV.
1380 953 1435 1019 53;

261 1057 334 1119 hist.
359 1057 411 1116 III.
438 1055 491 1137 28)
515 1061 759 1127 commemorat,
784 1073 942 1134 nusquam
952 1053 1148 1116 Plutarchus.
1184 1053 1320 1137 Septem
1339 1057 1436 1137 igitur

261 1171 378 1234 Nissen
407 1171 438 1253 (l.
464 1171 483 1232 I.
513 1191 567 1250 pp.
597 1169 782 1252 532-534)
806 1190 935 1232 caussas
959 1169 1066 1243 affert,
1103 1170 1218 1250 quibus
1242 1173 1437 1234 sententiam

263 1307 354 1349 suam
378 1287 516 1378 probare
539 1294 688 1361 conatur;
714 1305 794 1366 quas
818 1285 969 1366 deinceps
993 1305 1106 1347 omnes
1122 1285 1260 1348 refutare
1275 1287 1434 1349 volumus.

353 1428 404 1490 Ac
429 1429 568 1509 primum
591 1429 722 1509 quidem
745 1427 806 1489 hac
841 1449 874 1490 re
906 1429 1092 1510 opinionem
1127 1449 1218 1490 suam
1235 1429 1437 1492 'confirmari

264 1545 440 1618 contendit,
478 1545 566 1626 quod
595 1543 686 1606 Plinii
727 1544 880 1606 historiae
918 1545 999 1606 inter
1042 1565 1153 1606 omnes
1184 1545 1303 1607 similes
1336 1545 1434 1608 libros

263 1661 407 1723 maxime
440 1661 575 1723 idoneae
598 1658 732 1734 suerint,
758 1681 838 1740 quas
861 1660 892 1721 in
916 1660 1084 1722 scribendo
1105 1660 1237 1723 Tacitus
1261 1670 1294 1724 et
1317 1662 1436 1724 Plutar-

263 1776 341 1840 chus
379 1785 595 1856 sequerentur.
657 1775 769 1856 Atque
807 1795 881 1837 eum
923 1775 1028 1838 solum
1072 1785 1198 1857 praeter
1240 1777 1437 1859 Vipstanum

264 1892 437 1954 Messalam
461 1912 480 1952 a
504 1891 620 1952 Tacito
647 1892 679 1952 in
702 1890 843 1953 historiis
875 1891 996 1953 laudari
1027 1901 1202 1958 auctorem.
1261 1891 1436 1955 Messalam

261 2028 339 2071 vero
368 2005 406 2090 78)
429 2027 634 2068 communem
658 2006 781 2069 iontem
816 2006 898 2068 hanc
930 2007 973 2068 ob
998 2028 1065 2069 rem
1089 2009 1193 2089 putari
1226 2028 1292 2070 non
1328 2029 1433 2090 posse,

263 2124 351 2204 quod
374 2123 545 2184 verisimile
568 2123 609 2184 sit
633 2143 706 2184 eum
739 2143 802 2185 non
833 2123 996 2198 historiaS,
1029 2123 1087 2185 sed
1115 2123 1267 2185 leviorem
1297 2125 1437 2205 aliquem

224 2241 227 2247 ’
262 2239 405 2300 libellum
429 2239 658 2319 composuisse.
718 2238 815 2319 Quod
839 2260 949 2301 verum
973 2260 1043 2302 esse
1066 2241 1192 2301 etiamsi
1223 2240 1430 2302 concedimus

265 2393 308 2400 —
341 2363 451 2436 potest
474 2363 582 2416 autem
606 2355 743 2416 dubitari
767 2355 808 2416 de
831 2355 892 2417 hac
915 2375 949 2416 re
986 2393 1030 2400 —
1068 2364 1176 2417 tamen
1211 2355 1301 2418 nullo
1337 2357 1437 2418 modo

232 2451 235 2459 ³
264 2471 419 2552 cogimur,
445 2478 480 2532 ut
496 2470 583 2531 illam
599 2469 737 2531 Nissenii
750 2471 951 2545 sententiam,
968 2471 1104 2532 Plinium
1121 2470 1217 2534 luisse
1232 2493 1438 2534 communem

264 2585 368 2648 Taciti
400 2594 432 2647 et
455 2586 614 2647 Plutarchi
645 2594 819 2661 auctorem,
853 2607 1032 2667 sequamur,
1062 2587 1121 2649 nisi
1144 2597 1239 2650 antea
1276 2626 1318 2634 —
1343 2589 1439 2669 quod

264 2701 380 2764 Nissen
404 2721 480 2764 sane
503 2709 571 2763 tam
595 2711 717 2763 certum
741 2721 810 2764 esse
834 2702 992 2783 opinatur,
1024 2712 1059 2764 ut
1082 2705 1278 2784 argumentis
1302 2704 1439 2785 probare

265 2819 396 2879 omnino
421 2838 486 2879 non
521 2827 653 2879 conetur
683 2856 728 2862 —-
763 2819 975 2880 concessimus
999 2839 1191 2882 consensum
1214 2820 1296 2882 inter
1319 2819 1437 2881 Plutar-

265 2932 362 2995 chum
386 2943 419 2996 et
442 2932 592 2995 Tacitum
616 2933 658 2995 ab
681 2934 824 3014 ejusdem
849 2934 946 2996 fontis
970 2956 1028 2996 usu
1052 2934 1232 3017 proiectum
1256 2956 1336 2998 esse.
1391 2913 1439 2997 At

264 3047 327 3111 hoc
351 3048 500 3129 equidem
525 3069 655 3130 prorsus
679 3065 773 3131 nego,
830 3048 927 3113 Adde
951 3052 1039 3131 quod
1063 3060 1189 3131 praeter
1216 3051 1353 3113 Plinium
1384 3050 1438 3112 alii

265 3162 369 3226 fontes
401 3165 478 3226 satis
513 3164 605 3226 multi
629 3165 765 3230 utendos
799 3185 869 3226 sese
906 3165 968 3227 illis
999 3165 1198 3242 obtulerunt,
1239 3176 1275 3228 ut
1308 3166 1439 3228 Cluvius

266 3279 377 3353 Rufus,
403 3289 476 3342 acta
499 3280 619 3361 populi,
646 3289 719 3343 acta
742 3290 881 3356 senatus,
906 3281 969 3343 alii.

354 3421 503 3483 Alteram
532 3421 648 3484 Nissen
672 3422 764 3484 affert
787 3444 934 3485 caussam
958 3424 1007 3486 his
1030 3424 1144 3499 verbis,
1169 3445 1252 3505 quae
1275 3425 1350 3506 quia
1373 3444 1439 3485 non

265 3539 343 3599 satis
381 3537 520 3600 dilucida
559 3538 635 3599 mihi
673 3539 821 3600 videntur
855 3561 937 3614 esse,
986 3541 1027 3601 ad
1071 3540 1203 3602 verbum
1242 3529 1438 3622 exprimami

270 3653 446 3715 »Zweitens
479 3653 566 3735 passt
598 3653 650 3715 die
680 3654 906 3736 Bezeichnung
941 3655 989 3718 als
1024 3655 1198 3718 flavischen
1233 3655 1438 3718 Geschichts-

267 3768 439 3830 ichreiber«
467 3769 556 3853 (dicit
568 3769 675 3831 locum
691 3767 768 3832 Tac.
782 3769 855 3832 hist.
881 3771 918 3832 ΙΙ.
948 3787 1004 3832 101
1037 3772 1227 3853 »scriptores
1244 3780 1438 3854 temporum,

266 3883 320 3964 qui
355 3884 500 3965 potiente
538 3905 642 3948 rerum
677 3885 704 3946 F
707 3885 790 3948 lavia
828 3886 928 3947 domo
958 3887 1157 3949 monimenta
1194 3887 1270 3950 belli
1309 3886 1440 3969 hujusce

265 4008 532 4080 composuerunt«
560 4021 587 4062 e.
613 4021 643 4082 q.
669 4000 706 4084 s)
734 4000 808 4063 »aul
826 4001 897 4062 ihn«
925 4001 955 4084 (i.
981 4021 1007 4063 e.
1033 4001 1180 4086 Plinium)
1208 4002 1438 4079 avortrelflich3

267 4113 310 4176 ob
333 4113 391 4176 aui
410 4112 540 4177 Cluvius
571 4116 635 4177 und
666 4115 791 4192 Andre,
827 4115 929 4179 bleibt
956 4115 1073 4179 hdchst
1104 4119 1272 4198 ungewiss.
1332 4119 1439 4181 Wenn

340 4333 372 4403 Π)
393 4338 426 4387 cf.
447 4339 591 4404 Nipperdey
609 4339 626 4389 I.
646 4340 662 4389 l.
681 4355 708 4403 p.
731 4349 772 4400 27.

340 4431 373 4504 ⁷⁸)
393 4437 427 4486 cl.
447 4453 489 4502 pp.
510 4437 561 4500 528
580 4453 616 4502 sq.
