3218 5058
1321 403 1341 468 9

175 595 331 678 publicae,
356 617 439 678 quae
461 605 537 678 post
560 605 655 660 atrox
671 597 848 660 Domitiani
872 591 1041 679 imperium
1062 597 1131 679 jam
1154 598 1214 662 sub
1237 598 1345 662 Nerva

175 722 344 795 coeperat,
377 733 538 794 quamque
562 706 621 776 sub
645 713 786 794 Trajano
809 713 1051 794 perduraturam
1072 713 1140 794 jam
1164 714 1254 776 initio
1277 715 1345 796 ejus

175 829 298 910 imperii
329 830 355 890 si
379 849 443 890 non
467 837 553 892 certe
576 830 672 904 scite,
708 839 853 892 attamen
888 848 1017 912 sperare
1040 838 1176 909 poterat.
1201 868 1246 876 -
1268 829 1345 894 Alia

175 945 242 1026 jam
267 946 366 1006 oritur
389 945 553 1026 quaesti0‚
579 955 685 1010 utrum
709 945 840 1008 Tacitus
864 945 1013 1008 historias
1037 954 1106 1007 tum
1129 946 1258 1007 demum
1283 947 1344 1008 edi-

175 1061 272 1134 derit,
306 1080 379 1122 cum
412 1062 454 1123 ad
485 1060 581 1124 finem
610 1082 665 1124 eas
688 1061 906 1143 perduxisset,
938 1081 979 1123 an
1003 1061 1125 1143 priores
1148 1071 1256 1143 partes
1277 1062 1346 1143 jam

175 1185 269 1240 antea
292 1175 510 1258 publicaverit.
551 1177 648 1258 Quod
671 1178 855 1241 Mommsen
870 1176 915 1260 ¹⁶),
930 1197 1031 1258 nuper
1054 1178 1219 1240 contendit
1242 1198 1346 1258 neque

175 1302 283 1374 potest
306 1293 415 1373 negari
439 1292 520 1356 hanc
544 1294 736 1356 sententiam
759 1313 832 1356 eam
855 1294 1060 1375 potissimum
1083 1294 1127 1355 ob
1150 1313 1217 1356 rem
1241 1295 1345 1356 verisi-

177 1409 286 1471 milem
309 1409 422 1484 videri,
455 1410 542 1491 quod
565 1429 663 1490 saepe
686 1409 768 1472 illius
792 1411 947 1491 temporis
971 1410 1143 1491 scriptores
1166 1429 1265 1491 opera
1289 1431 1346 1472 sua

175 1545 238 1586 non
269 1533 352 1599 tota,
378 1526 435 1588 sed
465 1545 522 1606 per
546 1535 652 1606 partes
676 1523 969 1608 publicaveruntfl).
1017 1525 1164 1606 Quodsi
1196 1525 1346 1588 Tacitum

175 1661 303 1721 quoque
320 1639 432 1704 fecisse
460 1649 619 1722 putamus,
645 1641 909 1704 verisimillimum
932 1650 982 1704 est
1002 1641 1070 1722 jam
1093 1640 1204 1722 primis
1227 1641 1345 1704 saeculi

174 1757 303 1819 secundi
328 1757 418 1818 annis
442 1758 582 1838 priorem
605 1757 809 1820 historiarum
832 1766 956 1839 partem
980 1777 1054 1818 eum
1077 1755 1269 1838 divulgasse.

262 1873 307 1935 Et
329 1874 496 1955 quoniam,
526 1894 592 1955 quo
621 1881 768 1954 tempore
791 1872 895 1935 Taciti
929 1873 1132 1935 historiarum
1156 1873 1250 1955 primi
1275 1873 1346 1936 libri

175 1989 251 2052 editi
267 2010 337 2052 esse
349 1989 539 2063 viderentur,
556 1990 623 2070 jam
639 1971 717 2052 satis
733 1988 989 2052 demonstratum
1005 1997 1063 2063 est,
1082 2009 1164 2052 nunc
1180 1990 1346 2052 videamus

174 2106 215 2168 de
230 2105 390 2169 Plutarchi
407 2105 481 2167 vitis
497 2103 621 2167 Galbae
637 2079 835 2167 etOthonis.
873 2105 965 2185 Quae
989 2106 1119 2186 quando
1142 2105 1345 2187 compositae

176 2222 256 2296 sint,
293 2221 471 2284 accuratius
506 2221 594 2283 nullo
627 2221 727 2282 modo
760 2221 866 2282 dicere
901 2240 1082 2302 possumus.
1141 2220 1215 2283 Hoc
1247 2240 1345 2283 unum

174 2338 260 2400 enim
293 2358 353 2419 pro
376 2347 465 2400 certo
488 2335 649 2402 affirmare
678 2336 753 2400 licet
776 2337 981 2400 Plutarchum
1005 2335 1117 2398 Sullae
1137 2337 1236 2399 vitam
1260 2336 1346 2399 haud

174 2455 219 2516 ita
252 2454 355 2516 multo
383 2462 458 2515 ante
488 2473 607 2524 annum
635 2465 693 2531 115
720 2453 900 2534 scripsisse,
935 2453 1023 2533 quod
1056 2452 1274 2533 colligendum
1297 2461 1347 2514 est

174 2591 216 2632 ex
231 2570 312 2632 Plut.
331 2568 409 2632 Sull.
430 2585 465 2630 21
489 2568 620 2652 ,,σχεδὸν
645 2565 718 2632 ἐτῶν
743 2568 904 2632 διακοσίων
929 2565 990 2632 ἀπὸ
1013 2579 1068 2655 τῆς
1091 2572 1198 2654 μάχης
1222 2564 1342 2654 ἐκείνης

174 2685 346 2770 (significat
373 2705 515 2768 pugnam
549 2686 635 2766 apud
658 2684 899 2747 Orchomenum
931 2705 960 2746 a.
986 2685 1025 2763 85
1052 2705 1080 2750 a.
1106 2682 1179 2746 Chr.
1206 2704 1235 2746 n.
1260 2703 1344 2747 com-

175 2801 317 2884 missam)
349 2801 597 2881 διαγεγονότων“.
645 2800 754 2873 Unde,
786 2800 940 2881 quoniam
970 2799 1107 2861 dubitari
1131 2819 1196 2861 non
1226 2809 1344 2882 potest,

174 2917 250 2999 quin
280 2917 467 2980 Plutarchus
499 2937 564 2978 non
592 2917 707 2978 eodem
731 2917 869 2992 ordine„
892 2936 957 2996 quo
987 2916 1150 2991 vixerunt,
1187 2916 1346 2978 clarorum

173 3034 315 3094 virorum
340 3035 429 3095 uitas
457 3033 691 3114 composuerit,
727 3031 804 3094 nihil
834 3033 875 3094 de
899 3030 1023 3094 Galbae
1051 3040 1084 3092 et
1108 3030 1248 3094 Othonis
1271 3031 1346 3093 vitis

173 3147 318 3211 eflicitur.
356 3148 448 3229 Quae
464 3168 538 3210 cum
555 3149 599 3210 ita
614 3148 686 3223 sint,
713 3149 828 3210 mirum
851 3168 916 3209 non
940 3157 989 3210 est
1012 3148 1181 3210 doctorum
1205 3147 1346 3208 virorum

174 3265 348 3326 sententias
382 3264 477 3328 valde
511 3239 609 3326 inter:
627 3283 662 3326 se
696 3264 832 3327 differre.
892 3263 977 3325 Nam
1011 3263 1226 3324 Wiedemann
1243 3260 1279 3344 18)
1314 3271 1347 3324 et

173 3378 355 3443 Mommsen
371 3378 420 3464 19),
455 3400 551 3462 quem
574 3379 690 3442 Nissen
702 3378 740 3463 ²⁰)
763 3380 919 3461 sequitur,
955 3378 1159 3440 Plutarchum
1183 3378 1241 3440 has
1263 3379 1347 3440 vitas

170 3495 239 3577 jam
262 3496 321 3558 sub
344 3496 523 3560 Domitiani
546 3495 696 3576 imperi0,
721 3494 841 3558 Clason
856 3493 893 3578 21)
926 3504 1073 3576 tempore
1104 3494 1206 3556 multo
1242 3503 1346 3575 poste-

173 3612 255 3674 riore
290 3613 455 3694 scripsisse
487 3611 681 3692 suspicatur,
727 3631 787 3693 pro
831 3620 919 3674 certo
943 3608 1103 3672 affirmate
1137 3629 1203 3671 non
1238 3610 1343 3672 audet.

239 3843 272 3914 ¹⁶)
291 3847 309 3898 l.
329 3846 345 3896 l.
365 3862 391 3911 p.
416 3845 480 3910 1063
507 3843 540 3892 cf.
569 3860 668 3908 quoque
695 3843 785 3893 Nissen
815 3843 879 3893 »Die
898 3843 1025 3892 Historien
1052 3843 1096 3892 des
1114 3842 1223 3891 Plinius«
1253 3841 1344 3890 Rhein.

172 3946 287 3994 Museum
305 3945 392 3992 XXVI
409 3959 453 4009 pp.
476 3952 525 4006 535
546 3959 582 4006 sq.

240 4039 271 4110 ¹⁷)
292 4042 323 4091 cl.
344 4041 485 4090 Mommsen
503 4041 522 4090 l.
543 4041 561 4089 l.
582 4057 608 4104 p.
631 4052 676 4103 32.

240 4137 248 4168 ¹
292 4139 311 4189 l.
332 4139 350 4189 l.
392 4176 398 4189 .
418 4150 463 4202 45.

239 4136 272 4305 ¹3}
294 4156 440 4287 »Comhlius
459 4237 560 4286 Tacitus
578 4237 630 4286 und
650 4235 751 4286 Cluvius
760 4236 865 4290 Rufus«.
884 4237 990 4285 Hermes
1008 4235 1044 4284 VI
1063 4251 1106 4300 pp.
1128 4236 1178 4297 297
1199 4250 1237 4300 sq.

238 4333 271 4404 ²⁰)
291 4338 310 4386 l.
331 4337 348 4388 1.
367 4352 394 4400 p.
417 4345 478 4398 503.

239 4431 272 4503 ²¹)
292 4436 309 4486 l.
329 4434 347 4484 l.
368 4450 412 4499 pp.
435 4447 465 4482 21
487 4450 525 4500 sq.
