3218 5058
235 399 258 469 4
347 363 349 369 .

235 584 403 647 videantur
415 581 601 666 suscepisse.
627 579 705 645 Mihi
722 604 808 659 ver0,
822 600 1018 665 quamquam
1031 578 1117 645 haud
1132 579 1247 663 ignoro
1263 595 1408 643 summae

236 722 306 762 esse
339 702 491 763 audaciae
521 701 596 763 viris
621 699 816 762 doctissimis
840 709 872 761 et
895 699 1077 761 clarissimis
1112 698 1260 779 obloqui,
1297 707 1406 758 tamen

235 827 360 878 tantum
384 819 509 879 videtur
532 818 657 890 abesse,
684 824 718 876 ut
741 836 872 889 caussa,
898 816 937 877 de
961 835 1024 895 qua
1048 815 1161 895 agitur,
1186 824 1272 876 recte
1295 813 1405 894 dijudi-

234 943 308 996 cata
331 934 387 1007 sit,
420 940 454 993 ut
478 931 555 993 mihi
579 933 802 1012 proposuerim
826 930 910 992 hunc
934 931 1090 1011 impetum
1114 931 1145 990 in
1170 929 1319 991 Tacitum
1344 928 1405 991 fac·

236 1059 314 1124 tum,
332 1050 366 1110 ‘si
390 1049 457 1110 fieri
482 1056 602 1128 posset,
629 1048 799 1129 reprimere
823 1055 855 1107 et
879 1047 1099 1107 demonstrare
1122 1066 1271 1127 perverse
1295 1046 1403 1125 magni

234 1165 398 1246 scriptoris
433 1163 570 1244 gloriam
605 1164 633 1224 ei
669 1163 801 1224 detrahi.
850 1161 947 1242 Quod
978 1162 1043 1223 duo
1070 1170 1146 1222 ante
1170 1182 1222 1223 me
1246 1147 1401 1223 fecerunt}

234 1280 388 1342 Octavius
403 1279 522 1341 Clason
532 1276 555 1361 2)
571 1287 604 1340 et
615 1277 649 1340 C.
664 1278 851 1360 Nipperdey
862 1277 885 1359 ³)
900 1275 933 1360 4).
959 1277 1041 1354 Cum
1057 1275 1276 1352 vero-Clason,
1294 1297 1403 1358 quam-

233 1417 331 1477 quam
354 1395 439 1457 haud
469 1415 572 1475 pauca
600 1394 694 1456 affert
727 1395 768 1456 ad
792 1393 1047 1456 confirmandam
1079 1414 1171 1455 suam
1204 1392 1400 1473 opinionem,

233 1521 341 1573 tamen
364 1531 430 1573 non
453 1511 570 1572 talibus
586 1510 783 1590 argumentis
807 1529 878 1570 eam
902 1507 1063 1582 defendat,
1088 1516 1123 1569 ut
1146 1527 1277 1570 omnem
1301 1528 1402 1570 remo-

231 1636 306 1689 veat
328 1627 576 1701 dubitationem,
612 1646 750 1706 cumque
779 1625 967 1706 Nipperdey
1000 1624 1088 1686 brevi
1117 1632 1243 1686 tantum
1267 1632 1398 1686 annota-

231 1743 319 1803 tione
342 1743 373 1802 in
397 1742 479 1803 hanc
502 1761 570 1802 rem
593 1741 746 1821 inquirat,
784 1760 901 1820 operae
924 1741 1062 1821 pretium
1086 1739 1212 1801 videtur
1234 1759 1305 1801 esse
1328 1760 1399 1801 ean·
1469 1787 1480 1808 .

231 1858 306 1918 dem
329 1857 435 1918 denuo
458 1856 651 1917 sententiam
674 1854 853 1918 defendere,
887 1855 972 1917 Nam
995 1855 1055 1918 etsi
1080 1857 1210 1917 minime
1234 1875 1286 1917 me
1299 1854 1403 1918 facere

231 1991 327 2052 posse
350 1972 511 2045 existimo,
537 1980 572 2032 ut
595 1991 677 2051 opus
701 1970 742 2032 ab
765 1971 836 2045 illis,
862 1992 947 2051 quos
963 1973 1061 2034 modo
1078 1971 1215 2046 laudavi,
1239 1961 1402 2053 inceptum

228 2088 273 2149 ad
296 2087 393 2149 finem
417 2088 605 2167 perducam,
642 2095 751 2148 tamen
775 2106 827 2148 me
860 2087 968 2168 paullo
992 2087 1135 2169 longius,
1161 2089 1187 2150 si
1211 2089 1249 2150 iis
1272 2109 1402 2170 quoque

230 2211 310 2276 utar,
336 2223 419 2283 quae
442 2202 486 2263 illi
509 2202 576 2282 jam
600 2203 789 2276 attulerunt,
815 2223 1057 2283 progressurum
1081 2224 1186 2284 spero,
1210 2243 1256 2250 -

318 2318 437 2399 Agitur
466 2319 552 2379 enirn
575 2319 617 2380 de
640 2317 744 2379 Taciti
768 2317 972 2380 historiarum
997 2318 1084 2380 libris
1107 2320 1121 2380 l
1145 2328 1177 2380 et
1200 2321 1229 2381 II
1252 2321 1308 2405 (ce.
1338 2337 1400 2380 1-

233 2433 285 2516 50)
309 2441 342 2496 et
364 2432 525 2496 Plutarchi
554 2434 628 2496 vitis
652 2432 776 2495 Galbae
807 2443 840 2496 et
863 2433 1003 2496 Othonis
1033 2435 1114 2497 inter
1137 2456 1171 2497 se
1194 2435 1399 2517 comparatis.

229 2548 321 2629 Quos
345 2549 427 2611 inter
451 2550 549 2611 libros
573 2557 663 2611 tanta
686 2550 843 2611 invenitur
866 2550 1061 2626 similitud0,
1086 2560 1121 2612 ut
1144 2553 1199 2632 qui
1222 2552 1274 2614 vel
1297 2551 1401 2613 obiter

227 2685 284 2726 eos
318 2665 410 2746 legit,
447 2667 557 2727 statim
580 2665 747 2746 intellegat
777 2666 848 2727 solo
872 2687 946 2728 casu
982 2687 1053 2728 eam
1077 2667 1217 2730 existere
1244 2688 1309 2730 non
1344 2687 1399 2748 po·

228 2781 334 2842 tuisse.
383 2779 545 2860 Quoniam
579 2791 687 2843 autem
711 2790 744 2843 et
767 2782 899 2862 longum
924 2790 957 2843 et
979 2782 1089 2844 inutile
1123 2783 1249 2845 videtur
1283 2803 1397 2844 omnes

227 2897 300 2958 illos
324 2896 414 2958 locos
437 2896 560 2970 afferre,
586 2897 701 2977 quibus
711 2897 844 2960 Tacitus
867 2905 901 2958 et
912 2897 1101 2960 Plutarchus
1131 2899 1182 2960 vel
1206 2898 1323 2959 similia
1346 2895 1398 2958 vel

227 3033 357 3093 prorsus
379 3011 588 3092 congruentia
612 3012 766 3075 exhibent
775 3011 809 3094 5),
834 3013 987 3074 nonnulla
1011 3022 1137 3075 tantum
1152 3014 1304 3095 exempla
1327 3032 1398 3094 pro·

228 3127 308 3190 ferre
330 3127 363 3189 in
387 3129 495 3190 animo
518 3136 576 3190 est.
601 3126 713 3208 Atque
737 3129 875 3209 primum
899 3128 1005 3191 idonei
1029 3128 1184 3204 videntur,
1210 3149 1293 3210 quos
1316 3129 1399 3189 inter

227 3264 261 3304 se
284 3263 479 3323 comparem,
504 3243 567 3304 loci
580 3243 656 3304 Tac.
689 3243 761 3305 hist.
787 3245 800 3304 I
824 3260 866 3320 24
889 3253 945 3320 „ut
960 3280 1004 3290 0-
1020 3244 1169 3326 quotiens
1183 3242 1288 3306 Galba
1311 3243 1398 3325 apud

228 3356 393 3420 Othonem
416 3357 612 3439 epularetur,
643 3358 769 3420 cohorti
793 3359 946 3422 excubias
969 3361 1077 3440 agenti
1101 3359 1220 3422 viritim
1243 3369 1399 3422 centenos

227 3494 376 3535 nummos
399 3473 576 3536 divideret“
600 3484 633 3536 et
656 3473 735 3537 Plut.
761 3473 855 3537 Galb.
881 3491 923 3536 20
948 3472 1095 3552 „Ueiente
1123 3475 1156 3538 δὲ
1186 3479 1235 3540 τὸν
1260 3457 1397 3558 Γάλβάν,

298 3676 319 3746 ¹)
342 3679 479 3740 „Plutarch
497 3679 548 3727 und
566 3679 699 3727 Tacitus.“
721 3679 784 3727 Eine
802 3679 1101 3746 Quellenuntersuchung.
1122 3680 1205 3728 Berlin
1227 3679 1303 3741 1870.
1327 3680 1398 3740 „Ta-

226 3777 288 3826 citus
306 3778 357 3826 und
376 3777 505 3828 Sueton“.
526 3777 629 3826 Breslau
651 3776 727 3838 1870.

298 3871 319 3941 ³)
339 3875 365 3923 in
388 3875 516 3924 annalium
540 3875 657 3926 editionis
681 3875 822 3925 scholarum
847 3875 1032 3940 prolegomenis
1050 3892 1079 3941 p.
1102 3877 1135 3926 28
1153 3893 1215 3926 ann.
1240 3889 1263 3930 ι.
1289 3879 1399 3944 <semper

226 3974 309 4022 citabo
328 3973 464 4022 editionem
486 3973 537 4023 VII
560 3971 648 4040 1879).

298 4068 319 4137 ⁴)
339 4072 410 4134 Quos
429 4073 461 4119 Α.
482 4072 629 4120 Baumstark
651 4071 824 4133 „L'rdeutsche
842 4071 1086 4122 Staatsalterthttmer
1103 4089 1145 4121 zur
1162 4073 1329 4123 schlttzenden
1351 4071 1396 4120 Er·

227 4169 358 4234 liiuterung
376 4170 419 4218 der
438 4170 573 4218 Germania
592 4171 635 4218 des
654 4170 786 4220 Tacitus“.
806 4171 889 4219 Berlin
912 4171 986 4234 1873.
1006 4187 1050 4235 pp.
1076 4183 1209 4235 105—121
1233 4173 1266 4220 ita
1278 4170 1395 4234 sequitur,

227 4275 253 4314 ut
271 4267 324 4331 ipsa
343 4282 428 4314 eorum
447 4251 522 4316 verba
541 4275 644 4332 repetat,
665 4268 723 4316 novi
749 4267 811 4315 nihil
830 4267 915 4318 addat.

298 4361 319 4430 ⁵)
340 4363 445 4413 Collecti
463 4373 519 4412 sunt
537 4379 594 4412 eum
612 4366 645 4413 ab
663 4365 727 4426 aliis,
748 4373 800 4413 tum
819 4365 954 4414 aClasono
969 4367 1105 4428 „Plutarch
1124 4367 1175 4416 und
1187 4366 1322 4417 Tacitus¹‘.
1343 4367 1395 4432 np-

225 4462 341 4526 pendixl
359 4478 403 4527 pp.
426 4463 544 4526 23-69;
563 4462 611 4510 loci
631 4463 663 4510 nd
676 4464 777 4511 verbnm
790 4471 953 4527 congruentes
973 4465 1127 4514 inveniuntur
1146 4465 1204 4516 ibid.
1219 4482 1262 4530 pp.
1282 4467 1393 4517 16-21.
