3218 5058
1272 401 1313 465 27

233 581 383 643 Vidimus
413 582 523 662 igitur,
556 588 591 642 ut
611 581 679 662 jam
702 581 828 662 paucis,
854 600 937 660 quae
960 581 1000 641 de
1023 578 1084 642 hac
1107 599 1141 640 re
1166 580 1313 661 exposui-

144 717 227 770 mus,
253 696 572 778 comprehendamuS,
598 696 687 769 inde,
712 697 800 777 quod
824 694 1010 758 Plutarchus
1034 695 1125 777 plura
1149 695 1312 758 interdum

143 812 250 887 refert,
282 833 380 894 quam
404 812 549 886 Tacitus,
586 811 674 874 nullo
698 812 798 875 modo
821 811 930 892 colligi
963 831 1060 892 posse
1095 831 1168 872 eum
1192 810 1309 873 Tacito

144 928 233 991 fonte
263 929 437 1009 praecipuo
471 948 535 990 non
568 947 660 990 usum
684 948 762 989 esse.
810 927 923 1008 Neque
946 927 1031 988 enim
1055 927 1231 1007 quidquam
1256 928 1311 987 im-

144 1043 242 1124 pedit,
268 1045 438 1124 quominus
463 1043 611 1105 omnibus
635 1043 792 1124 ejusmodi
816 1043 895 1105 locis
919 1063 993 1104 eum
1016 1050 1072 1105 aut
1088 1042 1169 1104 alios
1187 1050 1314 1123 praeter

143 1158 233 1220 illum
264 1157 368 1221 sontes
396 1159 574 1240 inspexisse
603 1167 657 1221 aut
680 1159 786 1241 ipsum
810 1160 851 1220 ad
874 1179 966 1220 suum
990 1158 1155 1220 arbitrium
1188 1179 1237 1220 res
1260 1180 1312 1220 ex-

143 1295 274 1337 ornasse
297 1284 330 1336 et
352 1274 567 1357 amplificasse
590 1282 748 1355 putemus
768 1313 813 1320 —

231 1415 390 1497 Sequitur,
429 1428 464 1480 ut
498 1418 670 1480 secundam
700 1437 847 1480 caussam
877 1416 1013 1479 refutare
1047 1437 1215 1493 conemur,
1251 1438 1315 1498 qua

145 1532 289 1593 nonnulli
313 1533 371 1594 viri
396 1531 531 1615 doctill)
561 1534 773 1596 demonstrari
801 1532 1000 1595 contendunt
1022 1532 1227 1594 Plutarchum
1251 1533 1310 1594 Ta-

141 1646 200 1708 citi
216 1646 356 1709 historiis
377 1649 409 1709 in
425 1649 662 1712 conscribendis
673 1648 797 1710 Galbae
820 1657 852 1710 et
866 1647 1005 1710 Othonis
1035 1648 1109 1709 vitis
1133 1668 1225 1711 usum
1249 1668 1313 1711 non

145 1783 224 1824 esse.
272 1762 370 1843 Quod
398 1765 424 1828 si
448 1763 592 1840 lecisset,
629 1785 701 1826 eam
736 1764 861 1826 dicendi
884 1765 1057 1839 rationem,
1089 1784 1187 1844 quam
1210 1765 1241 1826 in
1265 1764 1314 1827 his

144 1878 218 1940 vitis
242 1879 436 1955 invenimuS,
468 1901 532 1943 non
556 1889 727 1962 tantopere
755 1880 926 1943 abhorrere
950 1901 1046 1961 posse
1070 1901 1089 1942 a
1113 1879 1217 1943 Taciti
1242 1900 1309 1942 ora·

142 1994 237 2056 tionis
250 1994 366 2057 colore'.
399 1995 559 2078 Equidem
571 2017 647 2059 vero
671 1996 734 2059 hoc
757 2006 982 2077 argumentum
1006 2017 1070 2058 non
1085 1997 1163 2059 satis
1185 1995 1313 2057 firmum

142 2131 212 2170 esse
242 2113 412 2174 contendo
461 2111 582 2175 Caussa
609 2113 709 2186 enim,
744 2132 800 2174 cur
822 2112 947 2173 dicendi
972 2133 1087 2192 genere
1111 2112 1243 2174 Tacitus
1277 2121 1309 2173 et

142 2225 330 2290 Plutarchus
360 2229 441 2290 inter
464 2248 498 2290 se
521 2228 685 2303 differant,
717 2229 790 2290 inde
818 2229 957 2308 petenda
988 2249 1057 2290 esse
1082 2228 1158 2290 mihi
1182 2228 1309 2290 videtur

141 2343 280 2422 primum
304 2345 400 2423 quod,
425 2354 460 2406 ut
483 2365 579 2425 supra
599 2343 667 2424 jam
691 2344 841 2419 diximus,
865 2343 1053 2406 Plutarchus
1077 2344 1162 2406 aliud
1186 2345 1217 2405 in
1241 2344 1312 2405 scri-

141 2457 248 2519 bendo
271 2453 439 2516 consilium
462 2451 664 2532 sequebatur,
690 2451 776 2514 aliud
794 2451 942 2527 Tacitus;
968 2451 1082 2513 deinde
1106 2452 1193 2532 quod
1217 2450 1311 2532 hujus

142 2572 239 2634 verba
262 2571 306 2633 illi
329 2590 393 2631 non
418 2567 605 2649 simpliciter
628 2567 836 2629 describenda
859 2567 916 2629 sed
941 2567 972 2628 in
997 2565 1154 2629 Graecam
1168 2566 1312 2647 linguam

141 2688 293 2750 vertenda
328 2693 433 2760 erant;
465 2693 533 2745 tum
564 2683 651 2766 quod
681 2684 828 2746 universa
851 2682 956 2744 Taciti
991 2683 1150 2745 scribendi
1181 2683 1264 2744 ratio
1294 2704 1313 2744 a

141 2801 300 2864 Plutarchi
330 2822 423 2863 sensu
456 2820 553 2881 quam
585 2798 757 2880 plurimum
788 2798 989 2862 abhorrebat.
1038 2798 1145 2879 Quam
1177 2798 1220 2860 ob
1245 2819 1312 2860 rem

142 2927 267 2980 tantum
291 2917 391 2992 abest,
417 2924 452 2978 ut
475 2916 654 2977 mirandum
678 2915 728 2990 sit,
753 2915 841 2996 quod
864 2935 961 2997 saepe
975 2913 1313 2977 PlutarchusaTaciti

142 3034 268 3096 dicendi
291 3053 408 3114 genere
431 3031 560 3105 recedit,
586 3040 620 3092 ut
643 3041 756 3092 contra
778 3032 860 3105 inde,
886 3031 973 3112 quod
997 3029 1082 3092 haud
1098 3031 1209 3112 paucis
1233 3030 1312 3092 locis

143 3151 277 3212 eandem
310 3147 442 3210 exhibet
472 3146 522 3232 (cl.
549 3147 625 3210 Tac.
658 3146 730 3209 hist.
756 3148 833 3225 143
872 3156 979 3209 »aetas
1002 3155 1112 3208 nostra
1144 3147 1241 3208 vidit«
1268 3185 1313 3192 —

143 3265 224 3326 Plut.
243 3264 281 3326 G.
297 3265 339 3326 26
357 3265 410 3340 „lv
428 3269 516 3349 μόνον
540 3261 629 3350 ἥλιος
646 3258 804 3338 ἐπεῖδενίῆ
829 3261 905 3323 Tac.
925 3260 996 3324 hist.
1018 3262 1081 3323 181
1116 3263 1311 3324 «cu1utime·

142 3380 450 3443 ret—timebatur»
470 3379 609 3441 —Plut
648 3377 687 3440 O.
721 3395 737 3456 3
773 3379 1039 3464 „poliobpeuoc—
1058 3375 1094 3465 ἦν
1137 3378 1310 3464 φοβερόςιι),

142 3497 250 3578 colligi
274 3496 377 3578 possit
399 3495 560 3557 Plutarchi
584 3503 748 3556 auctorem
773 3492 869 3554 luisse
893 3494 998 3574 ipsum
1022 3492 1180 3556 Tacitum.
1206 3532 1250 3539 -

226 3639 297 3720 lam
329 3639 495 3699 veniamus
525 3636 566 3698 ad
597 3637 725 3698 tertiam
749 3655 912 3710 caussam,
948 3657 1012 3716 qua
1035 3635 1143 3697 Hirzel
1167 3635 1197 3718 (l.
1217 3635 1235 3698 l.
1254 3657 1310 3718 pp.

143 3771 185 3833 39
202 3753 263 3835 sq.)
287 3754 507 3816 demonstrare
530 3759 663 3813 conatur
686 3770 751 3812 non
774 3750 910 3812 alterum
933 3751 1122 3833 scriptorem
1146 3772 1187 3813 ex
1211 3751 1312 3814 altero

217 4010 250 4079 ⁵⁷)
271 4013 303 4064 cf.
323 4012 407 4062 Hirzel
433 4013 452 4062 l.
468 4012 485 4062 l.
504 4028 547 4076 pp.
568 4024 601 4074 39
620 4027 656 4075 sq.
693 4010 858 4059 Wiedemann
886 4011 904 4059 l.
921 4010 937 4061 l.
957 4026 982 4074 p.
1008 4009 1042 4070 46
1069 4009 1130 4057 «hac
1156 4007 1311 4072 conjectura»

144 4112 213 4178 (dicit
231 4128 316 4160 eorum
335 4111 488 4174 opinionem,
517 4109 558 4173 qui
577 4109 737 4158 Plutarchum
756 4125 827 4157 usum
845 4125 897 4156 esse
916 4108 1005 4156 Tacito
1023 4105 1120 4172 putant)
1143 4122 1209 4154 »non
1228 4107 1312 4169 expla-

150 4218 232 4271 natur,
259 4217 285 4257 ut
304 4208 466 4269 Plutarchus,
488 4223 544 4256 cum
563 4206 664 4255 Tacitus
683 4207 754 4254 suerit
773 4206 876 4270 scriptor
893 4205 1068 4254 sententiarum
1087 4203 1258 4264 creberrimus,
1277 4221 1314 4252 res

149 4307 293 4371 simpliciter
318 4306 450 4366 enarrarit,
478 4321 600 4353 summam
626 4305 758 4367 eloquendi
784 4313 861 4352 artem
886 4304 911 4352 in
930 4304 1044 4352 usitatum
1064 4319 1142 4366 genus
1161 4306 1312 4362 sermonum,

147 4407 278 4455 verborum
297 4405 462 4469 granditatem
485 4402 510 4451 in
528 4402 638 4467 jejunam
657 4402 794 4450 orationem
814 4401 924 4451 formarit
942 4409 967 4451 et
983 4402 1050 4450 velut
1073 4400 1274 4464 transfigurant«.
