3218 5058
232 394 273 460 16

233 577 385 640 scendi
420 577 615 660 pudore».
678 573 803 658 Quibus
825 568 931 637 verbis
966 567 1044 637 satis
1078 547 1316 636 demonstratur
1348 561 1408 634 Ta-

234 695 334 756 citum
358 693 420 756 hoc
453 694 526 756 loco
551 693 664 756 Cluvio
687 692 773 755 Ruso
807 712 871 754 non
895 711 988 752 usum
1019 711 1097 752 esse.
1146 690 1209 751 Hic
1243 689 1342 763 enim,
1374 696 1410 749 ut
1476 730 1481 737 -

236 830 279 871 ex
301 809 462 872 Plutarchi
497 810 570 872 loco
602 809 734 873 laudato
762 817 861 891 patet,
898 807 1064 869 Othonem
1097 806 1194 867 etiam
1228 805 1259 866 in
1294 795 1409 866 litteris

237 925 373 1006 publicis
396 925 516 987 Neroni
540 945 657 987 nomen
681 925 740 986 sibi
764 925 916 987 indidisse
939 922 1100 995 retulerat,
1126 922 1213 1002 quod
1237 922 1263 983 si
1275 921 1409 990 Tacitus

233 1042 265 1103 in
277 1041 381 1103 Cluvii
398 1041 479 1104 libro
491 1041 631 1123 legisset,
649 1041 786 1129 scribere
798 1059 901 1120 neque
918 1039 1025 1121 potuit
1045 1039 1094 1100 »in
1110 1057 1266 1118 suspenso
1276 1037 1409 1112 tenuit«,

233 1177 337 1238 neque
361 1158 578 1239 „agnoscendi
601 1154 797 1239 pud·ore“³³).
824 1155 1044 1235 Quamobrem
1063 1155 1110 1229 iis,
1136 1154 1190 1234 qui
1206 1172 1411 1215 communem

235 1271 331 1334 luisse
354 1272 470 1349 Tacito
499 1281 532 1333 et
564 1270 735 1333 Plutarcho
771 1270 893 1332 fontem
926 1278 1057 1352 putant,
1092 1269 1333 1332 concedendum
1363 1276 1413 1329 est

239 1387 302 1448 hoc
326 1387 399 1449 loco
423 1397 478 1450 aut
510 1387 596 1449 hunc
626 1396 682 1448 aut
720 1386 810 1448 illum
841 1386 904 1447 alio
938 1395 1034 1467 atque
1069 1385 1166 1446 solito
1201 1383 1290 1446 fonte
1320 1403 1412 1446 usum

235 1523 313 1565 esse.
361 1503 405 1565 Et
442 1524 515 1565 cum
539 1504 626 1584 apud
650 1503 799 1565 Tacitum
823 1502 901 1564 nihil
925 1502 1110 1577 inveniatur,
1136 1502 1221 1563 unde
1243 1501 1306 1563 hoc
1327 1501 1411 1563 colli-

236 1627 338 1699 gatur,
364 1619 551 1681 Plutarchus
575 1628 687 1681 contra
710 1627 836 1701 praeter
853 1618 1116 1680 consuetudinem
1132 1627 1298 1680 auctorem
1314 1619 1412 1679 nomi-

237 1744 291 1796 net
314 1731 503 1818 (,,Κλοὺβιος
519 1735 552 1797 δὲ
565 1731 746 1822 Ῥοῦφος-
759 1736 874 1821 φησί“),
898 1734 942 1795 illi
961 1733 1064 1795 facere
1076 1754 1140 1796 non
1154 1743 1314 1815 poterunt,
1337 1735 1413 1813 quin

238 1848 301 1911 hoc
341 1850 416 1912 loco
455 1851 660 1913 Plutarchum
702 1869 908 1913 communem
942 1849 1030 1910 illum
1071 1849 1193 1910 fontem
1222 1848 1411 1930 neglexisse,

238 1965 336 2027 alium
360 1974 505 2029 secutum
540 1987 610 2028 esse
638 1968 825 2031 concedant.
874 1967 966 2048 Quae
997 1967 1107 2048 opinio
1139 1967 1236 2028 etiam
1272 1965 1415 2026 firmatur

238 2079 292 2143 illa
308 2081 468 2144 Plutarchi
492 2084 731 2158 consuetudine,
758 2103 800 2144 ex
823 2105 886 2164 qua
910 2103 983 2145 eum
996 2083 1102 2165 ipsum
1125 2083 1324 2163 scriptorem,
1350 2101 1415 2160 quo

239 2197 443 2277 potissimum
468 2199 513 2261 uti
537 2199 628 2274 solet,
654 2220 726 2263 raro
750 2200 860 2262 laudat
869 2197 921 2282 84);
942 2220 980 2260 ea
1003 2220 1098 2274 vero,
1123 2217 1205 2279 quae
1229 2198 1322 2260 Peter
1345 2196 1376 2281 (l.
1395 2195 1414 2258 l.

189 2307 196 2320 ⁸
240 2333 271 2394 p.
296 2314 351 2397 41)
374 2313 481 2388 affert,
506 2324 542 2376 ut
564 2305 719 2397 explicet,
745 2317 911 2396 quomodo
935 2314 1055 2377 sactum
1078 2316 1140 2390 sit,
1172 2323 1207 2376 ut
1230 2313 1417 2405 Plutarchus

241 2429 303 2490 hoc
332 2431 405 2492 loco
429 2450 448 2491 a
471 2432 701 2493 consuetudine
735 2431 789 2493 illa
813 2431 992 2506 recederet,
1029 2431 1144 2493 nullius
1179 2431 1326 2492 videntur
1350 2449 1415 2490 mo·

242 2547 342 2607 menti
366 2566 437 2608 esse
446 2543 493 2628 ³⁵).
524 2546 637 2628 Neque
661 2548 765 2609 minus
782 2567 886 2609 errare
899 2546 1091 2621 Nissenium,
1117 2566 1190 2608 cum
1205 2546 1236 2629 (l.
1251 2546 1271 2607 l.
1290 2566 1321 2626 p.
1343 2543 1418 2626 508)

242 2661 418 2724 contendat
456 2661 660 2724 Plutarchum
695 2663 793 2725 verba
829 2663 883 2725 illa
915 2683 980 2724 non
1009 2661 1050 2725 ab
1085 2664 1157 2744 ipso
1190 2660 1303 2723 Cluvio
1339 2660 1415 2742 peti-

242 2776 342 2852 visse,
374 2778 431 2838 sed
455 2771 496 2839 ab
519 2778 582 2839 hoc
602 2779 670 2860 jam
693 2779 795 2860 petita
819 2780 851 2840 in
875 2778 963 2840 fonte
986 2799 1055 2852 suo,
1080 2799 1146 2860 quo
1170 2778 1318 2840 Tacitum
1342 2795 1418 2855 quo-

243 2912 307 2973 que
330 2913 422 2954 usum
446 2913 516 2955 esse
539 2894 719 2970 existimat,
745 2894 903 2957 invenisse
927 2905 959 2956 et
982 2895 1056 2957 inde
1079 2894 1245 2976 recepisse,
1282 2913 1325 2955 ex
1347 2892 1420 2972 ipso

244 3010 326 3070 inter
349 3009 499 3071 Tacitum
520 3018 553 3071 et
576 3009 780 3072 Plutarchum
804 3011 948 3073 dissensu
965 3011 1182 3092 colligendum
1199 3020 1257 3085 est,
1283 3026 1420 3089 praeser-

244 3125 302 3186 thn
327 3145 400 3186 cum
414 3135 639 3206 argumentum
655 3126 742 3202 illud,
760 3147 825 3208 quo
835 3126 950 3188 Nissen
974 3126 1057 3188 hanc
1069 3127 1260 3189 sententiam
1284 3124 1422 3206 probare

245 3250 389 3316 conatur,
414 3241 535 3303 nullam
558 3242 624 3302 vim
640 3242 785 3304 videatur
808 3242 935 3306 habere.
976 3243 1065 3305 Dicit
1087 3243 1171 3304 enim
1188 3241 1254 3325 (pp.
1276 3252 1337 3320 507
1352 3238 1417 3323 sq):

251 3356 331 3417 »Die
353 3356 514 3438 Nennung
544 3358 600 3419 des
625 3356 755 3419 Cluvius
787 3358 872 3420 kann
903 3379 967 3420 nun
990 3358 1120 3421 absolut
1142 3357 1257 3419 keinen
1281 3356 1421 3418 anderen

247 3470 326 3534 Sinn
348 3473 469 3548 haben,
486 3473 543 3535 'als
567 3473 641 3535 dass
665 3474 721 3536 der
744 3473 973 3537 Schriftsteller
996 3495 1038 3537 an
1061 3475 1117 3536 der
1140 3473 1340 3553 Richtigkeit
1363 3471 1422 3532 der

248 3586 425 3650 Nachricht
446 3587 583 3650 zweifelt
599 3590 664 3651 und
681 3591 726 3652 sie
750 3590 849 3653 daher
872 3590 962 3654 nicht
985 3600 1077 3652 unter
1099 3591 1255 3670 eigenem,
1280 3585 1419 3647 sondern

320 3817 353 3886 ³³)
373 3821 483 3885 Apparet
496 3823 577 3870 velex
590 3821 628 3883 iis,
650 3838 713 3887 quae
722 3822 803 3883 attuli,
824 3823 981 3872 vehementer
990 3837 1069 3870 errare
1078 3820 1297 3879 Wiedemannum,
1318 3832 1375 3866 cum
1394 3831 1419 3880 p.

249 3929 282 3982 45
302 3918 369 3968 dieat
396 3920 449 3968 »Ita
467 3919 504 3981 iit,
535 3928 560 3969 ut
579 3921 724 3972 Plutarchus
742 3922 774 3972 Ο.
794 3933 809 3984 3
830 3922 946 3972 Cluvium
964 3920 1057 3969 Rufum
1078 3947 1108 3956 -
1129 3935 1231 3981 eorum,
1252 3933 1316 3982 quae
1335 3917 1423 3966 Sueto-

250 4018 305 4066 nius
323 4019 379 4066 etT
390 4017 502 4067 acitus
520 4019 648 4082 pariter
667 4019 782 4081 referunt,
802 4021 940 4083 peculiares
958 4026 1031 4068 testes
1050 4018 1197 4082 producat«.

323 4139 356 4209 ³⁴)
377 4142 410 4193 cs.
431 4143 465 4194 H.
485 4145 585 4210 Sauppe
606 4145 671 4193 »Die
689 4144 797 4208 Quellen
807 4144 934 4194 Plutarchs
954 4145 992 4193 sflr
1004 4146 1049 4194 das
1058 4145 1144 4194 Leben
1157 4145 1200 4193 des
1212 4143 1333 4193 Pericles«
1345 4157 1371 4206 p.
1383 4153 1425 4204 31.

324 4237 357 4307 ⁸⁶)
377 4241 444 4289 Nam
463 4242 482 4290 si
492 4242 647 4303 Plutarchus,
669 4249 695 4290 ut
705 4243 775 4291 Peter
792 4242 923 4302 existimat,
946 4243 1061 4292 Cluvium
1079 4244 1127 4292 hoc
1147 4244 1205 4291 loco
1224 4249 1353 4305 propterea
1372 4239 1424 4288 iau-

253 4339 343 4400 dasset,
364 4340 432 4403 quod
450 4339 500 4401 hic,
522 4355 579 4388 cum
590 4339 727 4403 Hispaniae
745 4339 898 4404 praefuisset,
919 4340 994 4400 illius,
1016 4357 1091 4404 quam
1109 4341 1192 4400 tradit,
1213 4338 1360 4388 narrationis
1376 4354 1427 4386 cer·

254 4437 361 4486 tissimus
379 4445 465 4486 auctor
484 4445 544 4498 erat,
565 4438 619 4486 sine
636 4437 712 4485 dubio
731 4437 756 4486 id
775 4436 864 4501 ipsum,
886 4438 954 4501 quod
967 4437 1009 4485 ille
1021 4438 1159 4501 praelectus
1173 4437 1260 4498 suerat,
1281 4437 1422 4487 addidisset.

1065 4835 1576 5020 ᾼᾼ
