3218 5058
265 405 308 472 34

263 642 328 684 non
351 643 393 684 ex
416 642 491 683 uno
515 621 604 684 sonte
627 609 806 696 communi,
841 623 898 684 sed
922 643 963 684 ex
987 621 1263 703 compluribus
1291 632 1437 704 repeten-

264 739 341 800 dum
365 759 435 800 esse
466 748 583 808 censet.
647 739 754 818 Quam
778 723 819 800 ad
843 738 1027 819 opinionem
1058 759 1261 819 perversam,
1303 740 1329 800 si
1357 739 1438 819 quid

264 854 367 928 viden,
408 855 540 917 adactus
572 864 621 916 est
644 875 681 915 ea
705 875 754 929 re,
795 855 882 934 quod
916 854 1001 934 apud
1037 864 1207 935 utrumque
1244 855 1438 936 scriptorem

265 989 363 1051 saepe
387 970 588 1032 inveniuntur
610 970 703 1050 hujus
728 970 815 1030 modi
839 969 1017 1031 sententiae
1040 969 1081 1052 (p.
1106 969 1169 1053 4.);
1194 970 1271 1032 Tac.
1297 969 1370 1032 hist.
1396 971 1436 1031 ll.

265 1102 305 1166 37
345 1086 491 1148 »invenio
532 1087 619 1166 apud
657 1085 816 1166 quosdam
851 1094 1036 1160 auctores«;
1077 1086 1099 1146 l.
1140 1102 1196 1147 101
1245 1087 1439 1166 »scriptores

263 1210 461 1283 temporum,
502 1201 555 1282 qui
579 1201 723 1282 potiente
745 1221 850 1262 rerum
874 1201 986 1262 Flavia
1016 1200 1337 1263 domomonimenta
1360 1200 1440 1263 belli

263 1316 394 1397 hujusce
408 1325 668 1398 composuerunt,
681 1317 927 1392 -tradidere<‹;
952 1317 1033 1378 Plut.
1049 1315 1087 1378 G.
1103 1313 1215 1393 14‚,d›e‚
1223 1337 1313 1403 φασιν
1324 1316 1437 1391 ἔνιοι“;

266 1431 304 1494 G.
342 1447 383 1518 27
410 1429 474 1507 „tre
506 1428 534 1494 οἱ
568 1432 702 1495 πλεῖστοι
735 1434 855 1513 λέγουσι
884 1471 929 1478 -
959 1431 1031 1494 ἔνιοι
1055 1432 1088 1494 δὲ
1111 1470 1156 1477 -
1179 1429 1207 1495 οἱ
1230 1432 1263 1494 δὲ
1287 1471 1330 1478 -
1355 1429 1383 1495 οἱ
1402 1431 1438 1494 δὲ

265 1543 453 1630 ἱστοροῦσιν“
487 1567 512 1610 e.
538 1537 569 1628 q.
595 1570 619 1610 s.
666 1548 714 1610 At
738 1549 779 1610 ab
803 1548 951 1611 omnibus
983 1548 1052 1630 jam
1081 1549 1266 1610 conceditur
1301 1558 1334 1610 et
1365 1550 1439 1629 ipso

263 1664 345 1752 inter
368 1663 518 1727 Tacitum
542 1674 575 1726 et
597 1664 801 1726 Plutarchum
836 1666 868 1726 in
891 1664 940 1726 his
964 1665 1128 1726 sententiis
1162 1664 1331 1726 afferendis
1363 1685 1437 1727 con-

262 1799 357 1841 sensu
400 1780 639 1842 demonstratur
683 1789 738 1842 aut
777 1780 891 1843 ambos
926 1781 1111 1861 scriptoreS,
1164 1789 1199 1843 ut
1242 1779 1435 1854 Mommsen,

263 1894 388 1986 Nissen,
414 1897 511 1957 ceteri
535 1895 657 1971 volunt,
682 1905 738 1957 aut
761 1905 846 1957 certe
869 1895 1074 1958 Plutarchum
1103 1896 1180 1958 talia
1213 1918 1231 1958 e
1254 1895 1344 1958 sonte
1377 1917 1437 1958 suo

264 2010 453 2092 simpliciter
481 2011 725 2093 transcripsisse.
783 2011 827 2073 Et
850 2013 1029 2092 quomodo,
1060 2013 1086 2074 si
1111 2021 1244 2094 uterque
1276 2033 1341 2075 nou
1373 2033 1437 2074 uuo

264 2126 479 2207 potissimum,
505 2126 562 2188 sed
586 2127 805 2208 compluribus
828 2128 948 2208 pariter
971 2126 1113 2191 sontibus
1136 2150 1211 2191 usus
1234 2137 1332 2203 esset,
1364 2149 1436 2190 con-

265 2262 376 2304 sensus
400 2242 454 2304 ille
478 2242 575 2304 mirus
599 2244 753 2324 explicari
777 2243 907 2325 posset?
955 2244 1028 2324 Qua
1061 2245 1102 2306 de
1125 2265 1159 2306 re
1183 2246 1336 2326 quoniam
1369 2245 1437 2326 jam

263 2377 359 2445 supra
396 2357 475 2419 satis
513 2367 662 2421 accurate
696 2359 916 2433 disseruimus,
956 2358 1090 2440 longum
1118 2369 1168 2422 est
1202 2361 1304 2423 multa
1331 2360 1437 2421 denuo

263 2471 384 2534 afferre.

352 2587 515 2670 Deinceps
539 2590 663 2652 dicatur
685 2590 726 2652 de
750 2610 789 2652 ea
812 2590 984 2664 sententia,
1010 2609 1108 2669 quam
1131 2589 1269 2674 Peter⁶⁸)
1304 2590 1439 2671 protulit

262 2723 425 2784 quamque
441 2703 624 2768 Mommsen
633 2703 670 2789 69)
691 2709 736 2768 ita
752 2715 880 2768 secutus
897 2714 954 2780 est,
974 2714 1008 2766 ut
1023 2704 1223 2785 gravioribus
1240 2707 1438 2784 argumentis

263 2818 400 2900 probare
424 2840 496 2882 eam
520 2822 671 2883 studeret.
726 2820 933 2883 Contendunt
957 2821 1041 2882 enim
1069 2819 1114 2880 illi
1141 2819 1199 2879 viri
1231 2837 1437 2879 communem

264 2933 369 2996 Taciti
387 2944 420 2997 et
435 2935 596 2998 Plutarchi
612 2938 657 3020 (et
673 2936 828 3010 Suetonii,
846 2955 942 3017 quem
959 2955 1018 2996 uos
1034 2932 1245 3016 neglegimus)
1269 2940 1434 2995 auctorem

265 3049 361 3112 fuisse
385 3050 533 3113 Cluvium
557 3051 686 3126 Rufum.
711 3089 756 3096 -
780 3050 910 3113 Cluvius
920 3049 1022 3110 Rufus
1032 3047 1070 3131 ⁷⁰)
1093 3059 1187 3112 natus
1210 3049 1294 3112 circa
1317 3069 1436 3110 anuum

264 3174 392 3228 sextum
416 3187 447 3247 p.
475 3165 548 3229 Chr.
574 3187 604 3228 n.
629 3165 833 3228 consulatum
864 3164 923 3227 sub
948 3164 1113 3247 Caligulae
1141 3166 1277 3247 imperio
1300 3165 1439 3246 gessisse

265 3281 398 3344 videtur.
458 3283 575 3344 Postea
599 3290 707 3343 autem
732 3301 751 3343 a
775 3279 879 3344 Galba
903 3281 1080 3363 Hispaniae
1094 3282 1327 3344 Tarraconensi
1351 3301 1439 3362 prae·

264 3398 388 3477 positus
412 3407 470 3459 est.
519 3396 600 3459 Cum
636 3416 712 3458 vero
737 3394 842 3458 Galba
866 3405 994 3459 mortuo
1017 3397 1138 3458 bellum
1168 3397 1250 3458 inter
1273 3395 1439 3458 Othonem

264 3520 297 3573 et
320 3511 489 3574 Vitellium
513 3512 702 3586 exarsisset,
739 3520 907 3574 cunctatus
949 3513 1145 3594 aliquamdiu
1176 3511 1300 3573 Vitellii
1331 3520 1440 3594 partes

263 3629 413 3709 suscepit.
461 3625 607 3689 Mortuus
631 3647 701 3690 esse
719 3628 844 3690 videtur
863 3628 923 3691 sub
940 3628 1158 3710 Vespasiauo;
1184 3627 1241 3689 sed
1262 3626 1330 3708 jam
1353 3647 1439 3689 anno

265 3758 306 3822 70
330 3743 504 3805 decessisse
528 3763 615 3817 eum,
656 3744 744 3823 quod
774 3743 962 3825 Nipperdey
990 3744 1021 3827 (l.
1056 3744 1075 3805 l.
1106 3764 1138 3826 p.
1175 3741 1228 3825 26)
1263 3743 1438 3816 contendit,

264 3878 329 3920 uon
353 3859 453 3920 modo
476 3867 609 3934 certum,
635 3859 691 3921 sed
715 3879 755 3920 ne
778 3858 950 3921 verisimile
972 3859 1099 3939 quidem
1123 3878 1194 3920 esse
1209 3855 1440 3940 Mommsen⁷¹)

336 4049 370 4120 68)
391 4053 407 4103 l.
428 4053 446 4102 1.

337 4147 370 4217 69)
391 4151 408 4202 1.
428 4151 446 4201 1.

336 4245 369 4316 70)
390 4265 454 4313 quae
474 4249 505 4298 de
518 4250 567 4299 vita
586 4249 638 4314 ejus
651 4251 741 4300 tradita
759 4259 824 4312 sunt,
846 4250 1003 4300 inveniuntur
1022 4248 1087 4314 apud
1105 4249 1298 4298 Mommsenium
1318 4249 1336 4298 l.
1362 4251 1379 4298 l.
1395 4265 1439 4313 pp.

264 4347 894 4414 fflhspdwffiNwffifflmlhp&

334 4442 367 4511 ⁷¹)
388 4447 405 4495 l.
428 4445 444 4496 l.
463 4462 489 4510 p.
509 4459 561 4509 319
580 4463 639 4496 ann.
663 4458 687 4509 7.
