3218 5058
1261 390 1303 506 39

131 635 207 696 aber
231 634 362 697 Tacitus
386 655 426 697 an
450 635 722 715 hervorragender
746 635 846 698 Stelle
882 657 935 698 am
959 636 1050 698 Ende
1083 637 1139 699 des
1169 639 1302 700 zweiten

131 749 237 812 Buchs
281 751 388 812 seinen
439 749 620 831 Gegensatz
651 772 756 832 gegen
787 752 874 813 diese
910 751 1099 833 Auffassung
1137 754 1300 817 bekundet

132 865 175 948 (S.
205 864 339 949 515)⁷⁰),
376 888 413 928 so
444 867 515 947 gibt
539 887 572 928 er
602 868 704 928 damit
733 868 765 929 in
795 867 920 928 Betreff
949 868 1052 930 seiner
1082 869 1302 950 Hauptquelle

131 983 220 1043 einen
238 981 310 1043 sehr
326 981 507 1045 deutlichen
521 983 738 1063 Fingerzeig.‹<
779 982 945 1046 Confiteor
961 1004 1013 1045 me
1026 1004 1090 1045 non
1103 985 1298 1066 intellegere,
1357 1061 1360 1068 Ι

130 1118 195 1179 quo
216 1099 286 1181 jure
309 1098 425 1160 Nissen
449 1098 480 1159 in
503 1098 608 1161 verbis
632 1097 736 1160 Taciti
761 1098 867 1192 allatis
898 1111 1123 1180 argumentum
1158 1102 1299 1182 positum

130 1235 199 1276 esse
222 1215 413 1288 contendat,
454 1235 519 1295 quo
548 1235 639 1276 suam
670 1216 822 1296 probaret
857 1215 1043 1295 opinionem
1054 1213 1100 1298 ⁸⁰).
1160 1216 1301 1278 Primum

130 1332 213 1392 enim
247 1350 311 1392 non
350 1331 568 1411 »sciptorem«
608 1331 685 1392 dicit
709 1330 856 1404 Tacitus,
897 1330 953 1392 sed
982 1331 1227 1412 »scriptores«,
1267 1342 1328 1394 ut·

131 1455 285 1528 appareat
298 1467 401 1508 errare
413 1446 604 1520 Nissenium,
623 1467 695 1508 cum
712 1455 804 1528 putet
816 1446 914 1508 verba
927 1445 980 1507 illa
992 1447 1034 1507 ad
1046 1446 1151 1508 solum
1165 1448 1301 1510 Plinium

131 1571 277 1643 spectare
300 1563 415 1638 videri,
442 1571 510 1622 tum
534 1561 654 1623 nullam
678 1562 773 1624 video
796 1582 953 1635 caussam,
980 1583 1035 1623 cur
1051 1563 1301 1626 existimandum

92 1747 95 1754 ,
130 1680 171 1740 sit
195 1678 257 1740 hoc
281 1679 354 1740 loco
378 1679 418 1739 de
452 1678 490 1740 iis
513 1678 722 1760 scriptoribus
752 1678 819 1752 vel,
857 1687 891 1741 ut
923 1677 1039 1740 Nissen
1070 1678 1230 1753 vult,.de
1261 1700 1300 1742 eo

131 1795 286 1875 scriptore
320 1794 425 1856 dicere
454 1794 616 1868 Tacitum,
657 1814 752 1875 quem
788 1795 974 1876 primarium
998 1794 1121 1856 fontem
1145 1795 1298 1861 adhibuit.

131 1911 334 1990 Nequeenim
342 1910 505 1990 intelleg0,
519 1930 574 1972 cur
580 1909 695 1972 Nissen
702 1911 996 1992 contendateaipsa
1004 1931 1045 1985 re,
1061 1911 1149 1991 quod
1157 1912 1219 1973 hoc
1227 1911 1300 1974 loco

129 2026 170 2087 ab
185 2026 240 2088 illo
253 2026 408 2107 scriptore
424 2064 468 2071 —
485 2035 519 2087 ut
534 2025 649 2088 Nissen
673 2036 766 2107 putat
778 2063 820 2072 —-
839 2027 998 2102 deflectat,
1025 2027 1120 2108 plane
1133 2028 1302 2090 ostendere

134 2140 283 2203 Tacitum
307 2162 342 2202 se
364 2141 434 2203 aliis
465 2141 544 2203 locis
568 2163 607 2203 eo
631 2143 804 2223 praecipuo
828 2141 916 2204 sonte
946 2163 1038 2204 usum
1068 2163 1146 2205 esse.
1182 2140 1302 2206 Contra
1373 2114 1375 2120 Α

131 2256 208 2318 mihi
233 2278 275 2318 ex
298 2257 360 2318 hoc
384 2257 457 2318 loco
488 2257 565 2318 illud
589 2257 806 2337 colligendum
837 2279 907 2319 esse
934 2259 1060 2320 videtur
1090 2258 1141 2342 (de
1171 2279 1235 2340 qua
1267 2281 1300 2326 re

130 2381 245 2454 postea
280 2375 457 2434 accuratius
485 2374 697 2456 disseremus),
730 2373 879 2435 Tacitum
913 2394 977 2436 non
1012 2395 1085 2435 eum
1117 2374 1213 2437 fuisse
1247 2376 1308 2457 qui'

131 2488 255 2550 fontem
279 2509 370 2550 suum
395 2488 582 2568 simpliciter
606 2489 843 2563 transcriberet,
880 2489 937 2551 sed
980 2510 1099 2570 magna
1134 2491 1300 2572 diligentia

133 2605 164 2665 in
190 2605 364 2666 condendis
388 2605 538 2685 operibus
562 2626 654 2666 usum
678 2626 757 2666 esse.

216 2763 288 2844 Jam
311 2764 477 2824 veniamus
500 2765 541 2825 ad
574 2765 701 2826 tertiam
729 2763 867 2826 Nissenii
895 2785 1055 2838 caussam,
1093 2785 1191 2846 quam
1226 2767 1300 2828 inde

132 2880 224 2960 petit,
265 2880 353 2960 quod
386 2879 505 2942 Plinius
544 2880 712 2942 nobilitate
746 2881 793 2942 sui
824 2881 979 2961 temporis
1013 2901 1114 2961 aeque
1149 2902 1224 2943 usus
1258 2883 1301 2944 sit

129 3004 226 3075 atque
261 2996 451 3078 scriptorem
483 2994 588 3070 illum,
626 3016 721 3076 quem
753 2995 884 3058 Tacitus
923 3005 956 3058 et
989 2996 1177 3059 Plutarchus
1200 2999 1300 3059 secuti

128 3121 244 3185 essent,
270 3132 362 3173 usum
386 3132 455 3173 esse
479 3133 521 3172 ex
544 3112 658 3173 horum
682 3111 768 3173 libris
781 3121 950 3193 appareret
960 3109 1006 3195 ⁸¹),
1039 3121 1073 3175 ut
1085 3112 1302 3194 colligendum

133 3236 219 3288 esset
242 3229 348 3309 ipsum
371 3227 507 3288 Plinium
535 3227 618 3289 hunc
649 3227 754 3288 luisse.
808 3227 908 3289 Velut
942 3227 1132 3309 Verginium
1166 3228 1295 3304 Rufum,

201 3456 234 3525 7⁹)
253 3476 280 3523 p.
303 3470 351 3522 515
373 3459 462 3508 Nissen
481 3460 538 3508 loco
557 3460 601 3508 illo
623 3461 695 3526 (Tac.
716 3461 774 3509 hist.
795 3463 830 3510 Π.
857 3459 916 3525 101)
944 3460 1021 3508 allato
1046 3461 1108 3509 haec
1134 3460 1206 3509 dicit:
1242 3461 1302 3508 »Bel

128 3559 177 3606 den
196 3559 392 3621 Umwiilzungen
411 3559 455 3606 des
472 3558 619 3622 Imperiums
646 3558 763 3608 handelte
791 3575 817 3606 es
843 3558 896 3606 sich
921 3574 963 3606 um
988 3558 1027 3606 die
1045 3559 1220 3608 Parteinahme
1252 3575 1301 3606 von

128 3658 270 3716 Personen‚
304 3655 371 3703 nicht
391 3655 436 3703 wie
456 3655 537 3704 irtiher
560 3672 602 3704 um
621 3656 744 3719 diejenige
774 3673 823 3704 von
847 3657 965 3706 Stiinden.
1015 3657 1175 3704 Namentlich
1202 3656 1304 3705 Tacitus

128 3755 219 3816 drangt
237 3754 271 3801 im
289 3769 385 3816 ganzen
403 3753 515 3817 Umsang
532 3754 612 3802 seiner
619 3754 741 3803 Schriften
760 3755 800 3803 die
818 3755 944 3802 einzelnen
963 3755 1111 3804 Iudividuen
1141 3754 1186 3803 aus
1208 3755 1303 3803 Kosten

128 3853 172 3899 der
192 3852 290 3899 Massen
310 3851 334 3899 in
354 3852 402 3899 den
420 3852 607 3916 Vordergrund.
646 3852 704 3902 Scin
723 3854 843 3902 Interesse
863 3852 894 3900 ist
912 3852 1003 3900 darauf
1018 3853 1138 3915 gerichtet
1156 3853 1196 3901 die
1209 3854 1303 3901 Motive

129 3950 194 3998 ihrer
218 3950 388 4012 Handlungen
424 3966 453 3998 zu
483 3951 614 3999 ermitteln.
659 3952 690 4000 In
716 3951 808 3999 diesem
834 3951 872 3998 ltlr
902 3950 945 3998 ihn
977 3950 1173 3998 wesentlichsten
1196 3951 1296 4000 Punkte

128 4047 193 4096 wirft
230 4063 256 4095 er
292 4048 349 4095 dem
386 4049 481 4097 Urtheil
512 4050 591 4097 seines
629 4049 852 4098 Gewiihrsmannes
888 4048 1073 4098 Parteilichkeit
1109 4049 1161 4096 und
1202 4049 1299 4098 Schb'n·

128 4145 234 4194 sa'rberei
246 4149 323 4194 vor.“
347 4144 380 4212 (l)

201 4267 233 4338 ⁸⁰)
254 4271 286 4322 cs.
306 4272 353 4322 W.
374 4271 534 4320 Dieckmann
552 4272 571 4321 l.
593 4272 610 4322 l.
632 4289 656 4336 p-
679 4283 702 4333 7·

202 4393 234 4463 81)
255 4397 323 4445 Dicit
341 4396 406 4444 enim
435 4413 462 4460 p.
496 4407 562 4459 533:
596 4397 721 4445 »Dritteus
751 4397 841 4444 nimmt
859 4412 931 4444 unser
955 4396 1163 4446 Berichterstutter
1181 4395 1304 4462 diejenige

128 4496 245 4559 Stellung
263 4512 292 4544 zu
311 4496 360 4544 den
379 4495 564 4544 Adelscoterien
583 4495 632 4556 ein,
653 4496 748 4545 welche
765 4510 847 4560 genau
866 4495 911 4544 aul
925 4495 1019 4544 Plinius
1037 4495 1150 4546 zutrifft,«
