3218 5058
1282 394 1322 459 19

154 588 323 673 profitetur
356 590 556 653 sententiam.
610 588 702 671 Quae
732 591 816 652 enim
852 590 983 652 Tacitus
1013 589 1086 652 hist.
1111 590 1140 652 II
1175 607 1214 670 33
1245 591 1323 652 dicit

159 707 267 769 »Otho
297 727 416 788 pronus
444 707 485 768 ad
520 706 786 781 decertandum«,
813 706 927 767 eadem
962 706 1040 767 mihi
1054 741 1059 748 ·
1075 706 1222 768 videntur
1252 727 1322 768 esse

154 832 251 904 atque
274 823 353 885 haec
381 823 539 886 Plutarchi
570 822 667 884 verba
697 821 749 906 (O.
783 825 801 884 8
833 822 942 904 extr.):
973 819 1039 898 „Oh
1070 824 1128 908 μὴν
1159 817 1321 884 &recidero6

154 938 207 1022 (sc.
226 935 346 1022 Ὄθων)
363 940 518 1014 ,,τοὺτοις“
536 938 590 1021 (sc.
618 937 664 1012 iis,
690 939 743 1018 qui
760 958 903 1020 pugnam
927 937 1135 1000 differendam
1159 958 1229 999 esse
1252 958 1321 1000 cen-

154 1055 294 1136 sebant),
325 1052 430 1132 ,,ἀλλὰ
458 1051 630 1141 ἐκράτησαν
659 1051 687 1117 οἱ
715 1057 791 1138 πρὸς
813 1057 865 1139 τὴν
890 1057 994 1140 μάχην
1018 1061 1265 1138 παρορμῶντες“;
1291 1063 1323 1116 et

154 1191 207 1245 ea,
240 1191 322 1251 quae
346 1172 477 1233 Tacitus
507 1171 580 1233 hist.
605 1170 634 1232 II
657 1187 702 1247 40
724 1169 836 1232 refert:
874 1172 1004 1232 »aderat
1030 1190 1107 1231 sane
1129 1170 1211 1232 citus
1236 1191 1320 1252 equo

154 1286 293 1349 Numida
309 1307 383 1349 cum
399 1283 561 1349 atrocibus
577 1287 746 1362 mandatis
771 1287 886 1367 quibus
910 1285 1000 1348 Otho
1027 1286 1182 1367 increpita
1205 1286 1322 1347 ducum

153 1403 289 1483 segnitia
305 1423 372 1464 rem
389 1403 420 1465 in
444 1403 613 1466 discrimen
638 1403 721 1466 mitti
742 1401 877 1483 jubebat
900 1421 996 1482 aeger
1020 1421 1110 1463 mora
1134 1410 1231 1483 atque
1254 1403 1323 1484 spei

154 1519 355 1600 impatiens«,
392 1519 593 1581 inveniuntur
626 1519 712 1600 apud
736 1504 942 1580 Plutarchum
979 1515 1019 1578 Ο.
1049 1534 1082 1579 11
1114 1515 1216 1604 „illle
1252 1513 1324 1600 παρ’

154 1631 298 1704 Ὄθωνος
336 1631 444 1706 ἱππεὺς
478 1645 535 1697 των
569 1636 765 1718 καλουμένων
801 1629 956 1717 Νομάδων
991 1636 1157 1716 γράμματα
1191 1634 1322 1716 κομίζων

152 1753 316 1814 κελεύοντα
341 1753 382 1836 μὴ
407 1756 505 1835 μένειν
530 1751 608 1837 μηδὲ
631 1750 810 1833 διατρίβειν,
840 1745 909 1812 ἀλλ’
937 1746 1020 1828 ἄγειν
1051 1745 1145 1817 εὐθὺς
1177 1745 1226 1811 ἐπὶ
1253 1749 1324 1820 τοὺς
1388 1737 1391 1740 ’

153 1868 349 1952 πολεμίους.“
396 1867 445 1929 Ea
477 1877 601 1940 autem,
638 1887 720 1947 quae
754 1865 926 1928 Suetonius
962 1863 1001 1926 Ο.
1026 1882 1047 1943 9
1077 1864 1174 1926 tradit
1208 1884 1323 1946 »quam

153 1983 291 2063 primum
326 1992 458 2045 tamen«
497 1982 624 2068 (Otho)
664 1983 848 2044 »decertare
882 1981 1015 2055 statuit,
1052 1981 1119 2042 sive
1152 1980 1323 2062 impatiens

153 2098 307 2179 longioris
332 2099 570 2162 sollicitudinis«
598 2120 624 2161 e.
650 2119 680 2180 q.
707 2119 742 2173 s.,
768 2097 904 2161 fortasse
931 2117 974 2158 ex
1003 2097 1082 2178 ipsis
1106 2096 1210 2159 Taciti
1244 2096 1323 2159 locis

152 2215 252 2277 modo
275 2216 536 2278 commemoratis
567 2216 735 2277 exordium
765 2215 899 2288 ducunt,
925 2230 1122 2293 quamquam
1145 2211 1223 2274 illud
1247 2232 1322 2292 quo·

153 2351 215 2412 que
239 2332 343 2413 putari
367 2341 476 2413 potest
499 2331 671 2393 Plutarcho
695 2329 885 2392 Suetonium
911 2349 1002 2390 usum
1026 2348 1105 2390 esse.
1130 2365 1174 2374 -
1199 2328 1323 2408 Quibus

157 2447 322 2528 expositis
349 2448 500 2527 quoniam
525 2449 546 2508 ii
570 2447 675 2510 Taciti
699 2445 903 2508 historiarum
926 2445 1004 2519 loci,
1037 2444 1151 2525 quibus
1175 2444 1268 2506 Peter
1291 2453 1324 2506 et

152 2561 333 2626 Mommsen
365 2563 420 2625 illa
454 2559 614 2626 contineri
641 2570 771 2644 putant,
808 2582 891 2643 quae
921 2560 1108 2622 Plutarchus
1141 2554 1325 2622 Secundum

152 2688 278 2741 secutus
301 2679 432 2761 profert,
457 2700 522 2741 non
545 2680 604 2754 his,
629 2680 685 2741 sed
708 2679 779 2740 aliis
801 2677 960 2739 Plutarchi
985 2677 1063 2739 locis
1087 2656 1324 2739 accuratissime

154 2796 357 2876 respondent,
383 2796 521 2858 dubitari
544 2817 585 2857 ex
601 2816 673 2858 mea
689 2795 819 2876 quidem
843 2793 1000 2855 sententia
1024 2813 1088 2854 non
1109 2792 1177 2873 jam
1201 2799 1319 2874 potest,

152 2910 228 2990 quin
252 2931 294 2972 ex
309 2912 381 2993 ipso
397 2910 546 2974 Secundo
564 2910 752 2974 Plutarchus
776 2909 830 2971 illa
854 2908 1055 2990 compererit.
1091 2907 1203 2988 Atque
1226 2908 1324 2969 etiam

152 3026 194 3100 ei,
231 3027 285 3107 qui
314 3027 377 3089 hoc
408 3036 523 3108 negat,
561 3028 638 3090 illud
671 3026 801 3107 quidem
832 3025 957 3086 videtur
987 3024 1228 3086 concedendum
1251 3043 1322 3084 esse

151 3141 354 3204 Plutarchum
385 3142 436 3206 hic
466 3163 608 3225 quoque,
645 3153 680 3205 ut
709 3141 748 3204 Ο.
775 3159 811 3221 3,
845 3161 941 3222 quern
969 3139 1077 3202 locum
1100 3160 1196 3220 supra
1219 3138 1321 3214 attuli,

152 3257 249 3318 alium
266 3267 410 3321 secutum
427 3280 498 3321 esse
514 3259 637 3321 fontem
653 3267 751 3339 atquc
768 3257 926 3318 Tacitum.
974 3256 1017 3317 Et
1033 3276 1073 3317 ne
1090 3255 1168 3317 illud
1191 3255 1322 3336 quidem

151 3372 387 3454 neglegendum
422 3384 472 3437 est
505 3374 627 3437 nullam
661 3373 797 3454 cogitari
835 3393 932 3454 posse
966 3391 1132 3446 caussam,
1169 3391 1224 3432 cur
1257 3390 1322 3432 non

150 3491 320 3552 verisimile
336 3501 485 3571 putemus
501 3490 706 3554 Plutarchum
721 3461 848 3550 Rornae
863 3497 1119 3550 commorantem
1136 3496 1171 3549 ut
1187 3486 1322 3548 aliorum

150 3607 319 3670 illustrium
335 3605 530 3688 virorum³⁰)‚
548 3606 593 3668 sic
610 3605 747 3668 Secundi
764 3625 902 3686 quoque,
927 3623 1033 3685 quem,
1051 3623 1124 3665 curn
1136 3602 1323 3664 Plutarchus

150 3725 288 3805 primum
312 3726 437 3787 Romae
461 3732 530 3786 erat
543 3721 596 3806 ³⁷),
622 3722 827 3804 superstitem
851 3720 947 3782 fuisse
969 3728 1098 3781 constat
1112 3716 1159 3802 ³⁸),
1191 3738 1321 3781 consue-

150 3840 260 3903 tudine
284 3861 376 3903 usum
399 3861 478 3904 esse.
542 3849 550 3862 '
1231 3913 1232 3918 .

239 3956 291 4019 Ac
322 3956 448 4019 brevius
478 3976 649 4038 possumus
679 3954 720 4015 dc
755 3952 868 4014 ceteris
900 3951 979 4012 locis
1002 3950 1064 4012 huc
1088 3949 1321 4032 pertinentibus

1292 4067 1306 4090 a

221 4134 254 4204 ⁸⁶)
274 4137 306 4188 cf.
326 4137 356 4187 R.
376 4136 520 4184 Volkmann
542 4135 658 4194 »Leben,
686 4131 809 4181 Schriften
828 4131 879 4179 und
898 4128 1057 4192 Philosophie
1076 4129 1119 4177 des
1137 4127 1253 4178 Plutarch
1272 4143 1321 4175 von

150 4236 308 4285 Charonea«
347 4234 431 4284 Berlin
454 4234 519 4295 1869
538 4249 582 4296 pp.
605 4232 637 4294 38
657 4247 712 4294 sqq.

222 4331 254 4400 ³⁷)
275 4333 307 4385 cf.
326 4333 474 4384 Volkmann
493 4332 511 4381 l.
532 4332 550 4380 l.
571 4347 613 4396 pp.
634 4343 668 4393 34
687 4345 742 4393 sqq.

222 4429 255 4497 ³⁸)
275 4434 387 4482 Mortuus
405 4438 441 4480 est
461 4445 527 4479 anno
547 4429 580 4478 88
599 4445 623 4492 p.
645 4429 704 4477 Chr.
725 4443 751 4475 n.
