3218 5058
227 388 274 453 62

225 581 354 666 probari
370 582 571 646 sententiam.
608 580 773 646 Facillime
788 577 883 654 enim,
901 578 927 642 si
943 579 1048 661 ipsum
1065 576 1215 641 Tacitum
1231 587 1397 641 auctorem

226 699 322 762 luisse
353 699 420 780 ejus
444 707 621 781 putamus,
649 697 802 778 explicari
826 704 949 777 potest,
985 715 1049 776 qua
1077 715 1111 757 re
1134 695 1280 776 singulis,
1315 715 1397 776 quos

226 814 369 890 afferam,
387 813 467 877 locis
482 815 515 878 in
531 832 671 876 errorem
686 812 873 875 Plutarchus
897 812 1053 874 adductus
1070 811 1120 874 sit.
1134 849 1177 857 —
1190 810 1242 873 Ac
1257 812 1398 892 primum
1417 895 1420 901 Α

227 931 359 1011 quidem
375 931 405 992 in
423 931 600 992 enarranda
615 928 738 991 Pisonis
755 928 930 1010 adoptione
946 927 1079 989 Tacitus
1102 926 1186 1011 (hist.
1211 927 1225 988 l
1245 925 1295 1009 18)
1319 927 1398 989 haec

228 1047 322 1109 dicit:
341 1045 468 1131 (Galba)
489 1045 593 1127 »apud
609 1043 807 1126 frequentem
824 1043 961 1105 militum
985 1044 1169 1106 contionem
1193 1043 1400 1124 imperatoria

227 1163 386 1225 brevitate
420 1161 568 1243 adoptari
603 1181 622 1222 a
657 1179 691 1222 se
721 1159 871 1220 Pisonem
906 1159 1058 1241 exemplo
1093 1159 1158 1221 divi
1190 1159 1332 1240 Augusti
1367 1167 1400 1220 et

228 1297 319 1340 more
347 1276 495 1352 militari,
527 1257 671 1358 quo'vir
700 1275 803 1336 virum
837 1274 1045 1356 legeret,
1081 1275 1398 1356 pronuntiat«,

229 1403 262 1456 et
285 1392 474 1455 Plutarchus
497 1390 547 1476 (G.
574 1391 627 1475 23)
659 1391 754 1453 haec:
788 1369 984 1475 ’,ἀρξαμένου
1014 1389 1069 1452 δὲ“
1100 1387 1162 1477 (τοῦ
1187 1388 1309 1478 Γάλβα)
1341 1392 1401 1466 ,,τὰ

234 1511 287 1593 μὲν
311 1509 451 1589 λέγειν
476 1505 561 1592 ἐντῷ
578 1505 780 1591 στρατοπέδῳ,
810 1509 848 1569 τά
872 1505 905 1568 δὲ
930 1502 1239 1587 ἀναγινώσκειν“
1265 1528 1291 1569 e.
1317 1527 1348 1588 q.
1374 1527 1398 1568 s

232 1624 307 1706 Quo
323 1625 406 1700 loc0‚
431 1634 467 1686 ut
482 1624 665 1686 Mommsen
680 1619 732 1706 ¹¹⁰)
754 1629 841 1685 recte
862 1621 994 1703 judicat,
1019 1621 1179 1684 Plutarchi
1203 1622 1301 1685 verba
1326 1622 1401 1698 „le-

230 1747 313 1820 γειν“
337 1749 370 1802 et
394 1737 652 1821 ,,ἀναγινὼσκειν“
683 1776 727 1783 -
762 1747 872 1800 monet
902 1738 987 1800 enim
1010 1737 1193 1801 Mommsen
1217 1736 1324 1820 legere
1347 1737 1400 1804 ali-

231 1857 308 1937 quid
331 1876 461 1938 prorsus
491 1855 630 1917 alienum
654 1875 724 1917 esse
754 1875 773 1916 a
801 1855 862 1915 ritu
886 1854 1063 1934 adoptandi
1086 1892 1131 1900 -
1160 1852 1307 1936 prolecta
1331 1874 1401 1916 esse

231 1972 379 2034 videntur
406 1991 463 2053 per
486 1990 626 2033 errorem
648 1969 810 2033 Plutarchi
841 1969 1008 2033 aLatinis
1041 1970 1146 2033 verbis
1175 1969 1398 2052 »pronuntiat«

232 2096 265 2150 et
293 2086 463 2169 »legeret«.
488 2124 532 2132 -

330 2211 442 2293 Atque
483 2211 551 2293 jam
594 2231 690 2292 supra
727 2211 1018 2273 demonstravimus
1056 2231 1160 2272 errare
1199 2210 1403 2273 Plutarchum

233 2326 284 2412 (G.
310 2329 364 2411 26)
387 2328 419 2389 in
443 2347 481 2390 ea
504 2347 554 2402 re,
579 2328 667 2408 quod
698 2347 764 2389 non
785 2326 953 2402 Pisonem,
988 2335 1023 2388 ut
1046 2325 1178 2388 Tacitus
1201 2327 1286 2411 (hist.
1311 2327 1325 2388 I
1348 2326 1404 2408 43)

233 2443 349 2529 tradit,
374 2443 432 2506 sed
455 2443 561 2525 ipsum
584 2440 723 2504 Galbam
747 2441 913 2505 defensum
937 2459 1008 2504 esse
1031 2463 1051 2504 a
1074 2440 1270 2525 Sempronio
1293 2443 1405 2504 Denso

235 2558 339 2622 refert.
376 2559 440 2640 Qui
456 2578 543 2621 error
566 2532 650 2620 unde
673 2559 859 2633 manaverit,
885 2558 971 2621 haud
993 2556 1129 2621 difficile
1146 2558 1192 2620 ita
1215 2559 1403 2641 explicatur,

235 2684 271 2737 ut
286 2675 435 2739 Tacitum
460 2672 582 2737 fontem
606 2673 765 2736 Plutarchi
790 2672 886 2736 fuisse
908 2683 1068 2756 putemus
1104 2673 1161 2737 Ille
1177 2675 1262 2736 enim
1278 2693 1405 2738 summa

235 2791 392 2854 brevitate
431 2809 473 2852 ex
513 2789 743 2852 consuetudine
784 2811 859 2852 usus
900 2791 1033 2852 omnino
1071 2811 1137 2852 non
1176 2800 1289 2872 aperte
1327 2789 1406 2852 dicit

236 2907 343 2969 Piso
356 2927 376 2968 n
390 2925 456 2968 em·
476 2927 495 2968 a
518 2907 630 2968 Denso
653 2914 836 2987 protectum
860 2925 944 2981 esse,
970 2907 1058 2987 quod
1081 2906 1316 2988 conjiciendum
1339 2914 1406 2969 tan-

237 3031 305 3084 tum
329 3029 379 3084 est
402 3041 444 3083 ex
466 3021 572 3084 verbis
599 3041 636 3084 »a
660 3019 764 3085 Galba
792 3022 957 3085 custodiae
980 3022 1169 3085 Pisonis
1200 3023 1346 3085 additus«
1374 3030 1408 3084 et

241 3111 419 3202 »Pisoni
451 3137 605 3219 effugium
638 3138 755 3201 dedit«
806 3138 913 3219 Quam
937 3137 980 3200 ob
1004 3158 1072 3201 rem
1093 3137 1297 3212 Plutarchus,
1334 3157 1408 3200 cum

237 3274 303 3317 non
337 3253 416 3316 satis
450 3254 646 3335 perspiceret
679 3252 763 3316 hunc
797 3253 921 3330 locum,
961 3254 1066 3317 verbis
1100 3254 1162 3317 illis
1190 3274 1228 3316 »a
1260 3252 1409 3316 Galba
1468 3304 1471 3312 .

238 3369 405 3432 custodiae
427 3369 551 3432 Pisonis
574 3369 720 3432 additus«
748 3369 895 3432 inductus
918 3370 1044 3432 videtur
1066 3389 1137 3432 esse
1160 3371 1201 3432 ad
1224 3389 1409 3452 perversam

239 3504 331 3548 suam
354 3485 549 3567 opinionem.
597 3485 692 3548 Hunc
720 3494 829 3548 autem
852 3505 992 3548 errorem
1015 3506 1057 3548 ex
1080 3486 1243 3548 communi
1267 3485 1409 3566 quodam

240 3601 329 3694 lonte
351 3600 532 3684 profectum
567 3620 637 3664 esse
671 3601 753 3664 hanc
788 3601 892 3682 ipsam
927 3601 970 3664 ob
1000 3621 1067 3664 rem
1098 3621 1301 3684 nequaquam
1332 3601 1408 3664 veri-

240 3716 344 3778 simile
359 3726 417 3792 est,
444 3717 532 3797 quod
547 3716 603 3779 vix
626 3717 730 3799 putari
763 3725 873 3798 potest
895 3717 992 3790 etiam
1017 3717 1100 3780 illius
1124 3717 1221 3781 fontis
1244 3726 1411 3781 auctorem

240 3831 355 3894 eadem
370 3831 528 3896 brevitate
542 3841 576 3895 et
593 3833 789 3896 obscuritate
812 3833 854 3895 ad
877 3853 999 3895 errores
1022 3833 1202 3896 adducente
1225 3854 1318 3896 usum
1341 3853 1412 3896 esse

241 3955 339 4028 atque
363 3947 522 4011 Tacitum.

331 4071 444 4153 Neque
467 4072 560 4135 aliter
580 4072 788 4154 judicandum
819 4081 869 4134 est
896 4074 937 4136 de
960 4074 1025 4136 alio
1055 4074 1137 4136 loco.
1185 4074 1303 4138 Narrat
1326 4073 1413 4136 enim

243 4186 376 4250 Tacitus
399 4188 484 4272 (hist.
509 4188 524 4249 Ι
548 4189 611 4271 80),
636 4209 710 4250 cum
734 4187 824 4251 Otho
845 4189 992 4270 jussisset
1020 4199 1219 4272 »septumam
1242 4191 1413 4252 decumam

318 4399 362 4469 ¹¹⁰)
382 4403 399 4455 l.
419 4403 434 4454 l.
454 4418 478 4467 p.
499 4403 550 4466 306
569 4419 627 4454 ann.
646 4419 671 4465 4.
