3218 5058
1303 430 1323 494 5

168 627 280 707 εἱστία,
304 633 357 715 τὴν
381 630 677 716 παραφυλάττουσαν
703 625 751 692 ἀεί
775 639 900 712 στεῖραν
918 625 1043 699 ἐδέκαζε
1064 626 1195 712 χρυσοῦν
1220 625 1338 712 ἑκάστῳ

166 747 352 830 διανὲμυνίζς
378 755 447 807 tum
471 746 548 807 Tac.
573 745 646 807 hist.
672 746 686 805 l
709 745 750 806 62
777 783 841 818 „-
865 745 993 805 nomine
1010 743 1190 818 Germanici
1204 745 1339 807 Vitellio

168 863 276 924 statim
290 861 420 924 addito:
447 860 617 923 Caesarem
628 883 663 923 se
675 860 832 942 appellari
856 861 953 922 etiam
977 861 1081 922 victor
1104 860 1289 941 prohibuit“
1306 871 1339 924 et

169 978 249 1040 Plut.
265 977 357 1040 Galb.
374 993 413 1038 22
434 973 628 1052 ,υπααυυσαι
642 974 828 1061 Γερμανικὸν
839 975 935 1060 ὄνομα
948 978 1086 1060 θεμένων
1100 972 1202 1060 αυτῷίί
1226 978 1280 1062 (sc.
1298 989 1339 1061 τῷ

168 1090 353 1176 Οὐϊτελλίῳ),
379 1095 432 1169 ,,τὸ
456 1092 489 1155 δὲ
513 1090 675 1176 Καίσαρος
698 1089 732 1156 ob
749 1090 1018 1176 npoebetotperor‘t
1071 1091 1210 1154 Aenon
1234 1093 1338 1154 solum

166 1211 197 1272 in
229 1208 401 1271 referendis
432 1208 564 1290 singulis
606 1209 700 1270 rebus
735 1218 905 1289 tantopere
940 1209 1113 1290 scriptores
1146 1218 1336 1289 congruunt,

165 1345 275 1387 verum
307 1325 404 1386 etiam
428 1325 459 1386 in
480 1325 652 1405 judicanda
675 1333 788 1386 natura
812 1334 844 1386 et
868 1324 976 1386 indole
1001 1345 1132 1400 eorum,
1158 1325 1198 1386 de
1222 1325 1338 1406 quibus

166 1441 341 1522 loquuntur
365 1439 415 1524 (cf.
442 1440 518 1502 Tac.
536 1440 608 1502 hist.
634 1442 648 1504 I
670 1458 714 1519 49
738 1450 770 1501 et
794 1440 874 1501 Plut.
901 1439 994 1502 Galb.
1021 1438 1084 1522 29),
1109 1439 1142 1502 in
1166 1440 1336 1503 afferendis

165 1557 295 1630 caussis,
327 1556 441 1637 quibus
465 1557 517 1618 hic
541 1566 573 1618 et
605 1556 657 1618 ille
681 1564 887 1637 permovetur
917 1555 957 1639 (v.
983 1576 1009 1616 c.
1035 1555 1083 1630 iis,
1110 1556 1225 1637 quibus
1250 1555 1338 1618 Otho

165 1673 206 1734 ad
236 1673 426 1734 seditionem
450 1673 617 1734 adducitur
640 1671 728 1756 (Tac.
754 1671 826 1734 hist.
852 1672 866 1732 Ι
891 1687 1018 1750 21—23
1046 1679 1078 1732 et
1101 1671 1181 1733 Plut.
1207 1670 1246 1733 G.
1273 1671 1336 1754 23),

165 1790 196 1850 in
220 1788 432 1869 expingendis
456 1759 550 1849 rebus
573 1787 623 1871 (cf.
639 1787 716 1850 Tac.
731 1787 803 1849 hist.
829 1788 843 1848 Ι
868 1804 910 1866 39
923 1808 970 1869 sq.
985 1825 1029 1832 —
1045 1787 1125 1850 Plut.
1153 1786 1194 1849 G.
1218 1788 1280 1870 26),
1306 1789 1339 1850 in

167 1905 308 1966 fontibus
332 1904 501 1966 asserendis
525 1903 575 1988 (cf.
591 1903 667 1965 Tac.
686 1903 758 1966 hist.
784 1905 798 1964 Ι
821 1921 859 1982 41
879 1941 924 1949 —-
939 1903 1020 1965 Plut.
1032 1902 1071 1966 G.
1091 1919 1146 1984 27,
1172 1903 1251 1966 Tac:
1263 1903 1336 1966 hist.

165 2022 193 2082 ll
211 2036 251 2102 37
266 2042 313 2102 sq.
327 2058 371 2066 —-
383 2019 464 2082 Plut.
480 2019 557 2081 Oth.
578 2018 641 2101 9⁶).
667 2019 778 2101 Atque
794 2020 896 2081 altero
913 2018 986 2081 loco
1011 2020 1155 2101 inprimis
1179 2020 1334 2082 memoria

165 2139 265 2218 digno
288 2138 393 2217 agitur
416 2137 456 2197 de
480 2136 661 2197 narratione
685 2136 739 2196 illa
759 2157 777 2196 a
801 2134 960 2196 nonnullis
984 2136 1167 2198 auctoribus
1191 2137 1336 2217 repetita,

165 2253 274 2335 paullo
298 2261 374 2314 ante
396 2271 539 2333 pugnam
556 2251 801 2313 Bedriacensem
825 2251 906 2312 inter
931 2251 1097 2312 Othonem
1121 2260 1153 2313 et
1169 2250 1338 2312 Vitellium

165 2369 371 2431 commissam
406 2368 520 2430 ambos
548 2368 707 2429 exereitus
731 2368 763 2429 id
787 2367 908 2447 egisse,
945 2375 980 2428 ut
1014 2367 1188 2428 certamine
1217 2367 1338 2429 omisso

164 2505 283 2546 novum
307 2476 535 2564 imperatorem
566 2492 623 2546 aut·
653 2483 715 2564 ipsi
739 2481 893 2564 eligerent
927 2491 983 2544 aut
1006 2483 1130 2544 senatui
1154 2483 1338 2564 eligendum

164 2601 411 2662 committerent.
460 2599 567 2680 Quam
591 2599 805 2660 narrationem
829 2599 960 2660 Tacitus
994 2597 1044 2659 his
1073 2599 1178 2660 verbis
1202 2599 1335 2680 incipit:

168 2716 313 2778 «invenio
326 2716 411 2797 apud
425 2715 583 2795 quosdam
594 2723 757 2776 auctores«
772 2723 804 2776 et
817 2701 1003 2776 Plutarchus
1013 2714 1075 2776 his:
1103 2711 1232 2797 ,ἑτέρων
1247 2714 1279 2776 δὲ
1300 2713 1336 2802 ἦν

167 2829 298 2907 transtu,
322 2828 450 2894 b'rr—-“.
475 2829 625 2910 Sequitur
649 2841 756 2892 autem
780 2831 867 2911 apud
889 2831 1003 2892 ambos
1014 2831 1127 2892 eadem
1141 2830 1336 2912 contempla-

167 2949 213 3010 tio
246 2947 352 3031 (Tac.:
395 2966 475 3026 »ego
506 2955 541 3006 ut
564 2947 798 3008 concesserim“
831 2966 857 3006 e.
879 2967 909 3026 q.
936 2947 1144 3008 s.--P1ut.:
1172 2950 1246 3022 „aad
1280 2943 1336 3010 ουκ

166 3060 291 3132 ἀπεικός
308 3059 390 3124 ἐστι“
408 3064 434 3124 e'.
449 3082 480 3143 q.
495 3060 529 3144 s).
556 3061 641 3122 Tum
657 3082 733 3122 vero
744 3061 876 3123 Tacitus
889 3061 961 3123 hist.
975 3063 1003 3122 ΙΙ
1017 3065 1057 3141 38
1071 3063 1111 3123 de
1131 3063 1337 3142 pristinorum

168 3189 349 3260 temporum
372 3177 464 3239 bellis
479 3177 624 3239 civilibus
637 3177 804 3259 disputans
828 3179 958 3239 nomina
975 3177 1076 3252 Marii,
1102 3177 1220 3253 Sullae,
1246 3179 1336 3239 Pom-

164 3295 215 3375 pei
239 3294 332 3356 affert
355 3303 387 3355 et
410 3293 596 3354 Plutarchus
620 3293 639 3354 l.
658 3294 698 3368 l.‚
724 3315 921 3374 quamquam
945 3294 1048 3356 multo
1072 3294 1247 3355 minoribus
1270 3314 1335 3354 vcr-

106 3393 109 3400 ’
164 3411 213 3472 bis
236 3411 349 3484 utitur,
386 3419 494 3471 tamen
529 3409 660 3470 eosdem
694 3411 780 3471 viros
814 3419 1047 3472 commemorat
1084 3410 1155 3471 solo
1191 3409 1336 3471 Caesaris

164 3526 293 3587 nomine
312 3525 432 3600 addit0,
457 3526 544 3605 quod
569 3525 718 3587 facillime
741 3547 783 3586 ex
799 3547 856 3587 sua
871 3526 1003 3588 scientia
1020 3526 1157 3606 adjicere
1168 3526 1337 3606 potuit.—

162 3641 310 3722 Denique
347 3641 379 3702 in
417 3641 488 3721 ipso
521 3661 650 3722 quoque
689 3642 878 3703 narrationis
908 3652 1019 3703 tenore
1051 3642 1183 3704 Tacitus
1211 3650 1244 3703 et
1266 3640 1335 3703 Plu·

163 3756 291 3818 tarchus
326 3763 520 3835 congruunt,
555 3775 752 3836 quamquam
782 3755 942 3817 interdum
980 3755 1063 3816 hanc
1093 3755 1137 3817 ob
1167 3776 1234 3816 rem
1259 3757 1336 3818 satis

163 3893 292 3954 quoque
325 3870 489 3945 differunt,
526 3872 614 3951 quod
646 3871 726 3931 alter
750 3870 886 3932 alterum
910 3872 969 3933 sibi
993 3872 1177 3952 proposuit:
1218 3871 1335 3934 Tacito

163 3989 249 4049 enim
283 3987 451 4049 historiam
475 3987 659 4048 Romanam
682 3988 856 4048 memoriae
879 3988 1033 4068 prodere,
1058 3987 1230 4048 Plutarcho
1253 3987 1336 4050 vitas

163 4102 287 4166 Galbae
320 4112 353 4165 et
376 4101 516 4164 Othonis
548 4102 748 4164 conscribere
771 4104 802 4164 in
826 4103 934 4166 animo
965 4112 1022 4164 est.
1071 4102 1178 4183 Quam
1202 4102 1336 4164 obrem

162 4219 349 4284 Plutarchus
373 4218 489 4292 multa,
522 4238 605 4298 quae
629 4218 760 4280 Tacitus
784 4219 888 4294 refert,
914 4219 940 4281 si
964 4220 1068 4280 minus
1091 4219 1132 4280 ad
1157 4217 1281 4281 Galbae
1304 4228 1336 4281 et

235 4474 255 4544 6)
276 4477 309 4526 cf.
332 4478 425 4527 Clason
447 4479 577 4526 »Plutarch
596 4478 647 4526 und
666 4479 781 4527 Tacitus«
802 4495 847 4543 pp.
872 4484 902 4530 13
922 4495 957 4542 sq.
