3218 5058
1241 418 1284 482 33

202 613 309 696 Quam
318 613 543 675 Wiedemanni
554 612 740 695 opinionem
755 612 874 694 paucis,
887 612 913 673 si
926 611 1044 694 placet,
1056 612 1230 676 refutemus
1237 611 1283 697 66).

119 732 244 794 Errasse
267 731 352 793 enim
375 729 500 791 videtur
523 730 583 791 hac
606 728 812 810 potissimum
834 728 867 789 in
904 748 953 803 re,
990 729 1078 810 quod
1126 750 1282 806 caussam,

119 867 170 908 cur
200 847 292 908 aliter
324 866 374 908 res
409 865 443 908 se
474 844 592 908 habeat
619 845 660 907 de
692 844 785 906 rebus
810 842 949 918 Galbae,
988 844 1080 906 aliter
1119 846 1159 907 de
1191 846 1286 908 rebus

121 962 265 1037 Othonis
291 963 364 1024 inde
388 963 561 1043 petendam
585 981 654 1022 esse
678 969 805 1035 censet,
831 961 995 1041 primum
1018 962 1106 1042 quod
1129 961 1169 1023 de
1192 961 1286 1024 rebus

119 1077 238 1141 Galbae
260 1078 419 1141 interdum
443 1077 615 1159 scriptores
638 1077 683 1138 ita
706 1077 788 1138 intcr
811 1095 846 1138 se
869 1075 1025 1150 differant,
1051 1087 1086 1138 ut
1097 1076 1290 1142 Plutarchus¹

118 1215 136 1256 a
159 1195 272 1256 Tacito
296 1194 472 1268 dissentiat,
498 1200 655 1273 congruat
679 1211 753 1254 cum
776 1192 958 1267 Plutarch0,
983 1211 1056 1254 cum
1081 1192 1121 1255 de
1145 1191 1285 1256 Othonis

118 1310 208 1371 rebus
231 1310 349 1391 pariter
365 1310 507 1384 Tacitus,
532 1308 729 1382 Plutarchus
756 1307 931 1370 Suetonius
955 1306 1106 1385 reserant3
1132 1309 1283 1385 deinde,

118 1426 201 1505 quod
225 1425 256 1487 in
273 1423 396 1486 Galbae
420 1433 554 1499 tantum,
580 1445 645 1485 non
668 1424 700 1485 in
717 1423 857 1488 Othonis
880 1443 1010 1505 quoque
1034 1424 1102 1485 vita
1117 1425 1285 1503 scribenda

118 1540 302 1602 Plutarchus
337 1539 467 1601 easdem
497 1560 547 1602 res
581 1539 630 1602 bis
666 1547 909 1600 commemoret.
961 1538 1009 1600 At
1039 1539 1071 1600 in
1104 1541 1209 1621 priore
1232 1541 1286 1603 illa

117 1656 275 1742 afferenda
299 1676 412 1718 caussa
436 1655 553 1718 erravit
576 1627 804 1730 Wiedemann;
829 1675 905 1716 nam
928 1654 969 1716 de
993 1653 1132 1716 Othonis
1156 1675 1285 1736 quoque

117 1773 208 1834 rebus
230 1771 417 1834 Plutarchus
456 1779 503 1848 et
520 1771 652 1832 Tacitus
675 1770 835 1832 nonnullis
860 1770 939 1833 locis
961 1771 1044 1832 inter
1067 1791 1101 1832 se
1125 1770 1283 1846 differunt,

116 1897 150 1949 ut
172 1888 252 1950 Plut.
278 1886 317 1949 Ο.
345 1904 420 1965 3.-
444 1887 521 1949 Tac.
547 1886 619 1948 hist.
644 1887 667 1948 1.
695 1889 745 1967 78,
772 1885 951 1968 dequibus
975 1886 1075 1948 multa
1096 1886 1165 1968 jarn
1188 1907 1293 1969 supra-¹

116 2004 262 2065 diximus
310 2002 427 2064 Altero
450 2022 543 2076 vero,
584 2004 671 2083 quod
707 2002 847 2084 profert,
887 2010 1077 2082 argumento
1110 2022 1175 2064 non
1207 2002 1284 2084 ejus,

117 2119 172 2181 sed
195 2127 305 2181 nostra
328 2108 487 2180 sententia
501 2117 637 2180 delendi
661 2118 794 2180 videtur.
842 2117 927 2179 Nam
952 2116 1041 2179 locos
1064 2117 1146 2192 illos,
1171 2118 1293 2198 quibus

118 2233 167 2296 bis
199 2235 312 2296 eadem
348 2242 620 2296 commemoratur
653 2254 719 2308 res,
760 2235 791 2296 in
822 2234 928 2314 priore
961 2232 1014 2294 illa
1043 2232 1166 2295 Galbae
1200 2235 1287 2295 vitae

115 2359 216 2430 parte,
242 2350 274 2411 in
297 2369 361 2430 qua
384 2348 572 2411 Plutarchus
596 2348 746 2411 Tacitum
777 2358 942 2411 auctorem
966 2349 1174 2431 praecipuum
1197 2350 1287 2431 sequi

114 2485 179 2526 non
203 2473 343 2546 poterat,
381 2465 512 2526 inveniri
537 2465 605 2546 jam
629 2485 724 2546 supra
748 2465 965 2546 exposuimus.
1014 2464 1164 2540 Accedit,
1199 2465 1287 2546 quod

114 2581 201 2642 nulla
232 2601 274 2642 ex
312 2601 385 2643 mea
415 2580 545 2661 quidem
575 2581 732 2642 sententia
763 2580 898 2660 cogitari
929 2589 1039 2661 potest
1069 2601 1195 2656 caussa,
1231 2601 1288 2643 cur

113 2695 301 2757 Plutarchus
331 2696 363 2757 in
401 2696 502 2758 altera
525 2697 591 2758 vita
614 2696 782 2778 scribenda
805 2696 910 2757 solum
933 2695 1085 2770 Plinium,
1122 2697 1154 2757 in
1186 2696 1288 2758 altera

116 2811 253 2873 Plinium
292 2820 325 2873 et
362 2809 510 2872 Cluvium
543 2811 663 2873 Ruium
696 2812 889 2886 adhibuerit,
931 2831 1034 2892 neque
1074 2811 1194 2892 magis,
1234 2832 1289 2874 cur

113 2927 246 2988 Tacitus
270 2926 342 3000 hoc,
367 2947 432 3007 quo
456 2928 488 2988 in
511 2927 679 2990 annalibus
702 2927 878 2989 condendis
902 2947 976 2989 usus
1000 2935 1067 3001 est,
1092 2927 1124 2987 in
1147 2926 1288 2989 historiis

113 3062 178 3103 uon
205 3063 280 3104 usus
302 3043 353 3104 sit.
401 3042 486 3105 Nam
509 3043 827 3124 quaeWiedemann,
854 3051 889 3104 ut
911 3041 991 3104 haec
1014 3042 1164 3123 explicet,
1190 3042 1301 3122 affert,

112 3157 178 3241 (pp.
216 3158 256 3234 56
279 3156 348 3240 sq.),
378 3157 446 3237 jam
479 3179 498 3219 a
528 3158 641 3219 Petero
672 3157 714 3241 (p.
748 3157 803 3239 44)
834 3157 972 3220 refutata
1004 3167 1086 3219 sunt.
1150 3159 1286 3220 Plinium

112 3282 222 3335 autem
236 3293 309 3334 eum
321 3293 391 3334 esse
407 3273 606 3354 scriptorem,
632 3274 721 3354 cujus
734 3294 776 3335 ex
790 3295 848 3335 usu
860 3293 1037 3338 consensus
1046 3273 1128 3335 inter
1138 3273 1288 3336 Tacitum

111 3397 145 3450 et
161 3388 367 3450 Plutarchum
383 3388 547 3468 proiectus
563 3391 613 3464 sit,
632 3390 691 3451 etsi
704 3410 763 3470 pro
780 3399 870 3451 certo
879 3390 1094 3451 Wiedemann
1111 3390 1286 3464 contendit,

112 3503 215 3565 firmis
239 3505 436 3584 argumentis
459 3504 597 3584 probare
621 3504 772 3586 neglegit.
834 3504 931 3585 Quod
954 3506 1029 3586 quia
1045 3505 1160 3567 Nissen
1185 3505 1289 3568 lacere

112 3627 251 3681 conatus
275 3627 340 3693 est,
377 3627 509 3700 postea,
546 3638 620 3680 cum
649 3619 691 3681 ad
714 3618 798 3682 hunc
821 3621 1072 3701 pervenerimus
1109 3622 1150 3683 de
1173 3620 1234 3682 hac
1257 3641 1291 3682 re

110 3735 316 3796 disseremus

205 3849 316 3931 Atque
340 3849 436 3930 longe
466 3849 563 3911 aliam
593 3851 786 3912 sententiam
811 3852 875 3914 Ad.
902 3850 1096 3935 Schmidtffl)
1127 3851 1290 3933 professus

110 3975 171 4028 est.
223 3964 286 4045 Qui
310 3985 501 4027 consensum
530 3966 612 4028 inter
636 3966 785 4029 Tacitum
809 3977 842 4029 et
871 3966 1076 4029 Plutarchum
1107 3977 1291 4030 exstantem

187 4156 220 4227 86)
241 4160 273 4210 cs.
292 4162 365 4209 Peter
383 4160 401 4209 l.
423 4160 441 4208 l.
461 4176 505 4224 pp.
527 4175 559 4224 43
580 4177 616 4225 sq.

186 4254 219 4324 ⁶⁷)
243 4259 298 4306 »De
317 4258 465 4321 quibusdam
484 4260 624 4309 auctoribus
646 4261 781 4323 Romanis,
814 4277 877 4325 quos
895 4261 921 4310 in
931 4261 1098 4311 describendis
1119 4264 1191 4312 rebus
1211 4279 1289 4312 anno·

108 4372 167 4404 rum
188 4355 222 4404 68
242 4363 267 4404 et
285 4356 319 4417 69
338 4372 362 4419 p.
384 4355 441 4406 Chr.
461 4373 485 4408 n.
505 4357 580 4419 gestis
599 4358 716 4420 Tacitus,
737 4359 897 4421 Plutarchus,
926 4360 1057 4409 Suetonius
1082 4361 1158 4410 secuti
1176 4369 1232 4411 sunt
1251 4368 1293 4410 aut

108 4455 191 4503 secuti
210 4470 264 4502 esse
284 4454 395 4502 videntur
414 4454 452 4502 vel
472 4455 613 4504 dicuntur«.
649 4457 728 4520 Jenae
751 4458 825 4508 1860.
