3218 5058
1273 443 1313 506 17

148 645 239 698 unter
255 635 408 699 fremdem
425 638 550 699 Namen
574 637 775 718 beibringt«;
799 647 833 698 et
856 638 931 718 quia
959 637 1131 699 Suetonius
1152 636 1253 722 (Otho
1280 638 1311 720 7)

148 754 232 815 idem
256 753 305 815 his
331 754 437 816 verbis
453 753 565 815 refert:
607 754 741 827 rimmo,
779 762 819 815 ut
843 753 1007 834 quidam
1031 754 1311 827 tradiderunt,

147 869 244 930 etiam
257 869 487 950 diplomatibus
499 869 674 950 primisque
697 870 842 951 epistolis
864 870 928 931 suis
949 869 991 931 ad
1006 869 1166 950 quosdam
1189 870 1314 951 provin-

146 986 265 1046 ciarum
295 986 456 1066 praesides
479 985 615 1047 Neronis
650 1005 830 1067 cognomen
864 985 1012 1066 adjecit«,
1049 985 1168 1066 pergit:
1208 984 1316 1047 »Aber

147 1101 249 1163 damit
271 1101 359 1162 nicht
382 1121 498 1182 genug,
523 1102 602 1163 wird
625 1100 747 1163 Sueton
771 1101 811 1163 O.
832 1117 848 1180 7
873 1120 938 1162 von
965 1099 1138 1162 denselben
1162 1099 1313 1162 Zweifeln

147 1216 400 1297 heimgesucht«.
448 1217 597 1280 Tacitum
629 1238 707 1279 vero
737 1217 819 1278 hanc
850 1218 985 1278 eandem
1009 1236 1090 1292 rem,
1124 1236 1222 1297 quam
1246 1217 1315 1298 ipse

148 1353 276 1413 quoque
314 1333 345 1394 in
375 1332 463 1396 fonte
486 1334 672 1408 invenisset,
713 1334 801 1414 quod
830 1353 902 1394 eam
933 1351 997 1394 non
1026 1349 1136 1394 veram
1160 1341 1314 1414 putasset,

147 1448 273 1510 silentio
286 1451 483 1531 praeterisse.
517 1449 608 1530 Quae
632 1449 709 1511 mihi
733 1447 793 1510 hac
816 1450 886 1529 ipsa
910 1449 950 1510 dc
967 1469 1086 1510 caussa
1102 1447 1316 1529 improbanda

148 1553 310 1640 videntur,
358 1566 446 1647 quod
487 1585 524 1626 ea
563 1565 688 1645 opinio,
732 1584 796 1645 qua
829 1573 899 1625 tota
931 1563 1011 1625 haec
1044 1564 1183 1626 Nissenii
1221 1585 1311 1645 argu-

148 1682 303 1742 mentatio
344 1681 473 1755 nititur‚
510 1681 536 1742 si
574 1681 650 1760 quid
689 1681 799 1754 video,
841 1679 921 1742 falsa
955 1689 1012 1742 est.
1072 1679 1201 1741 Nullam
1231 1681 1316 1742 enim

150 1797 276 1858 invenio
315 1817 479 1871 caussam,
528 1817 583 1858 cur
622 1805 743 1858 rectum
785 1817 855 1857 esse
899 1804 1026 1877 putem,
1074 1797 1163 1876 quod
1199 1795 1316 1858 Nissen

148 1913 329 1976 contendit:
382 1913 461 1974 »Die
498 1911 658 1993 Nennung
695 1912 751 1973 des
791 1911 922 1974 Cluvius
961 1912 1047 1974 kann
1089 1932 1154 1973 nun
1188 1909 1317 1974 absolut

147 2028 261 2092 keinen
285 2028 422 2090 anderen
447 2027 525 2089 Sion
549 2027 670 2101 haben,
696 2028 743 2089 als
771 2028 842 2090 dass
866 2029 922 2090 der
945 2027 1168 2090 Schriitsteller
1191 2049 1231 2090 an
1259 2029 1317 2090 der

147 2144 346 2225 Richtigkeit
389 2145 445 2205 der
479 2143 654 2205 Nachricht
691 2143 855 2205 zweifelt.«
924 2144 1009 2205 Nam
1047 2143 1139 2217 mihi,
1177 2152 1212 2205 ut
1247 2143 1315 2224 jam

147 2261 231 2335 dixi,
271 2259 458 2322 Plutarchus
483 2258 586 2321 Cluvii
609 2279 727 2321 nomen
757 2259 840 2320 hanc
872 2259 976 2322 solam
1009 2260 1052 2322 ob
1090 2280 1157 2321 rem
1192 2259 1317 2321 videtur
1365 2343 1381 2354 ..

148 2377 305 2451 attulisse,
349 2376 437 2456 quod
478 2375 576 2436 alium
611 2386 708 2456 atque
743 2375 873 2437 solitum
915 2375 1037 2436 fontem
1073 2376 1125 2436 hic
1160 2375 1313 2437 adhibuit.

148 2489 296 2553 Ceterum
314 2511 387 2553 eum
405 2490 552 2553 Cluvium
569 2490 687 2552 Rufum
703 2491 766 2552 hoc
789 2491 862 2553 loco
886 2500 1031 2553 secutum
1055 2511 1125 2553 esse
1148 2511 1188 2552 eo
1212 2491 1316 2552 minus

148 2608 262 2668 mirum
278 2616 335 2682 est,
361 2609 449 2688 quod
465 2606 600 2668 eundem
617 2607 681 2668 alio
701 2627 830 2687 quoque
854 2606 927 2668 loco
951 2607 1094 2691 (Quaest.
1120 2607 1215 2668 Rom.
1245 2607 1317 2689 107)

147 2731 311 2785 auctorem
328 2723 446 2784 laudat.
483 2723 596 2803 Neque
619 2723 723 2803 magis
747 2724 829 2798 inde,
855 2724 941 2804 quod
966 2706 1102 2784 eandem
1125 2743 1202 2797 rem,
1228 2722 1317 2803 cujus

147 2847 263 2916 testem
296 2837 485 2900 Plutarchus
519 2837 666 2900 Cluvium
701 2838 820 2900 Rufum
855 2837 960 2912 affert,
993 2838 1165 2900 Suetonius
1188 2858 1318 2919 quoque

146 2956 244 3016 tradit
258 2955 442 3037 praemissis
457 2955 562 3016 verbis
591 2964 643 3015 »ut
666 2954 796 3034 quidam
821 2954 1049 3028 tradiderunt«,
1075 2954 1184 3034 colligi
1208 2962 1318 3035 potest

147 3080 180 3132 et
209 3091 283 3132 eum
315 3080 348 3133 et
371 3070 575 3132 Plutarchum
607 3070 638 3130 in
674 3071 836 3131 communi
867 3069 975 3150 aliquo
1010 3069 1098 3131 fonte
1132 3070 1215 3132 hanc
1249 3089 1316 3131 nar-

147 3187 304 3248 rationem
317 3207 336 3247 a
350 3185 463 3248 Cluvio
477 3187 611 3267 petitam
629 3186 801 3261 invenisse;
820 3185 897 3247 nihil
910 3186 994 3247 enim
1011 3185 1136 3248 videtur
1151 3186 1315 3267 impedire,

147 3303 318 3382 quominus
358 3303 578 3364 existimemus
603 3311 658 3363 aut
689 3299 878 3388 Suetonium
913 3301 975 3363 hoc
1010 3301 1083 3363 loco
1113 3301 1317 3363 Plutarchum

146 3426 291 3478 secutum
322 3438 391 3478 esse
424 3427 479 3479 aut
511 3427 680 3497 utrumque
716 3437 758 3478 ex
789 3417 892 3479 Cluvii
923 3437 1021 3497 opere
1053 3417 1131 3479 illud
1162 3417 1314 3478 hausisse.

148 3532 284 3594 Etiamsi
314 3553 391 3594 vero
424 3553 587 3594 sumamus
619 3532 823 3594 Plutarchum
854 3553 918 3593 non
947 3533 1052 3615 ipsum
1076 3532 1224 3595 Cluvium
1255 3532 1316 3594 hoc

148 3647 223 3709 loco
247 3647 444 3723 adhibuisse,
480 3657 609 3710 maneat
639 3657 748 3710 tamen
780 3649 875 3724 illud,
901 3649 988 3729 quod
1016 3650 1212 3730 comparatis
1236 3649 1317 3710 inter

146 3785 181 3824 se
204 3764 364 3826 Plutarchi
394 3774 427 3827 et
442 3765 555 3853 ,Taciti
585 3764 689 3826 verbis
720 3763 869 3826 efficitur:
902 3765 999 3826 alium
1030 3764 1119 3826 illum
1150 3764 1212 3826 hoc
1243 3764 1316 3826 loco

146 3889 244 3959 atque
276 3881 406 3941 solitum
442 3889 585 3942 secutum
617 3901 687 3942 esse
718 3879 849 3941 fontem.
874 3917 918 3924 -
941 3880 1119 3942 Veniamus
1146 3881 1188 3942 ad
1218 3879 1316 3941 alium

146 3994 262 4068 locum,
298 3995 337 4057 O.
370 4013 400 4074 9.
457 3997 521 4058 Ubi
557 3994 759 4062 Plutarchus,
796 4004 969 4076 postquam
1004 3996 1111 4058 retulit
1134 3995 1316 4077 complures

145 4110 261 4174 allatas
296 4133 365 4173 esse
400 4133 545 4187 caussas,
562 4110 566 4116 ’
582 4133 637 4174 cur
671 4113 702 4172 in
737 4111 871 4173 consilio
907 4111 949 4173 ab
977 4111 1169 4174 Othonianis
1204 4110 1316 4174 habito

145 4228 304 4289 sententia
328 4248 439 4288 corum
462 4229 607 4302 vicisset,
639 4228 693 4308 qui
723 4248 866 4309 pugnam
896 4227 1014 4288 differri
1045 4227 1235 4301 noluissent,
1271 4228 1315 4289 ita

145 4344 266 4424 pergit:
294 4341 408 4418 ,Δοκεῖ
423 4343 456 4406 δὲ
474 4343 550 4429 μηδὲ
568 4341 659 4415 αὐτὸς
676 4341 784 4406 Ὄθων
802 4341 997 4430 ἐξαναφέρειν
1014 4341 1056 4405 ἔτι
1072 4346 1147 4425 πρὸς
1163 4345 1216 4428 τὴν
1236 4339 1315 4428 ἀδη-

156 4459 271 4546 λότητα
296 4459 373 4545 μηδὲ
397 4454 554 4543 ὑπομένειν
591 4457 707 4545 ἀηθείᾳ
742 4463 795 4522 καὶ
830 4460 1019 4544 μαλακότητι
1053 4461 1122 4528 τοὺς
1157 4462 1224 4541 περὶ
1258 4469 1315 4522 τῶν

1135 4567 1156 4628 2
