3218 5058
1237 452 1277 516 31

115 648 330 710 ratiocinatur:
372 646 536 722 Tacitum,
573 647 790 722 Plutarchum,
828 646 1015 709 Suetonium
1042 649 1158 733 (quem,
1179 661 1279 730 ‘quan-

119 773 183 825 tum
206 763 272 828 fieri
298 773 419 844 potest,
452 763 671 846 neglegemus)
702 765 733 825 in
756 764 830 825 vitis
855 762 978 826 Galbae
1001 773 1034 825 et
1057 764 1196 827 Othonis
1229 766 1279 828 de-

120 880 289 941 scribendis
313 881 455 940 maxime
479 881 666 941 consentire.
716 879 813 960 Quod
842 880 915 940 inde
941 879 1061 941 factum
1085 901 1162 956 esse,
1193 881 1281 963 quod

115 996 271 1057 communi
306 996 352 1055 usi
389 1003 496 1060 essent
531 995 619 1057 sonte
654 996 700 1078 (p.
737 995 806 1078 48).
865 994 977 1075 Atque
1012 995 1132 1058 laudari
1167 997 1209 1059 ab
1244 998 1281 1058 iis

116 1111 256 1184 Plinium,
294 1109 442 1171 Cluvium
466 1111 594 1184 Rufum,
621 1111 816 1191 Vipstanum
841 1110 1022 1173 Messalam.
1071 1112 1179 1174 Plures
1203 1132 1280 1173 vero

116 1236 257 1288 auctores
292 1247 348 1287 eos
383 1222 565 1287 adhibuisse
600 1227 682 1288 hanc
717 1228 761 1288 ob
796 1247 863 1288 rem
887 1228 1064 1308 putandum
1100 1249 1165 1290 non
1182 1248 1277 1318 esse,

93 1415 95 1419 Ι
117 1343 200 1424 quod
224 1343 249 1403 si
273 1341 336 1403 hoc
360 1337 479 1403 factum
504 1352 600 1416 esset,
632 1362 806 1404 consensus
830 1341 882 1404 ille
906 1344 1059 1424 explicari
1084 1364 1149 1405 non
1172 1352 1283 1425 posset

114 1461 154 1542 (p.
178 1457 241 1541 49).
290 1457 363 1538 Qua
393 1479 435 1519 ex
467 1479 501 1518 re
532 1457 614 1519 effici
643 1459 812 1532 »Plinium,
851 1457 999 1520 Cluvium
1031 1459 1166 1533 Rufum,
1201 1459 1280 1541 Vip-

114 1583 237 1636 stanum
272 1573 444 1635 Messalam
468 1573 578 1648 luisse,
616 1595 657 1635 ex
689 1574 818 1654 quibuS,
855 1575 910 1654 qui
944 1575 1036 1637 nobis
1071 1584 1145 1636 sunt
1178 1595 1282 1637 rerum

114 1698 274 1770 gestarum
298 1699 405 1763 testes,
431 1690 687 1770 transcripserint
707 1691 923 1752 narrationum
947 1709 1124 1751 summam«
1153 1690 1194 1773 (p.
1212 1694 1273 1772 50).

115 1805 238 1886 Pergit:
269 1805 339 1866 »Ex
363 1805 493 1885 quibuS,
519 1826 592 1866 cum
615 1806 793 1887 Vipstanus
809 1805 947 1867 Messala
971 1814 1241 1867 commemoretur
1264 1828 1283 1868 a

116 1921 229 1982 Tacito
242 1941 315 1994 unu,
334 1921 421 1982 solos
432 1920 528 1982 fuisse
540 1923 636 1983 credo
648 1922 783 1983 Plinium
797 1932 829 1983 et
842 1921 989 1983 Cluvium
1004 1921 1132 1997 Rufum,
1147 1943 1283 2003 quorum

115 2036 200 2098 libris
217 2036 267 2097 hic
284 2057 466 2111 consensus
493 2036 532 2098 de
549 2058 613 2118 quo
630 2039 770 2112 disserui,
790 2037 920 2099 effectus
941 2039 999 2098 sit«
1017 2038 1059 2122 (p.
1083 2051 1139 2115 50;
1165 2038 1203 2099 cs.
1222 2037 1281 2120 54).

81 2227 83 2234 Ι
116 2151 221 2232 Quam
257 2153 448 2214 sententiam
483 2173 521 2214 ca
555 2173 684 2234 quoque
719 2173 752 2214 re
784 2153 981 2227 confirmari,
1019 2155 1106 2234 quod
1140 2175 1182 2216 ex
1212 2164 1283 2216 toto

114 2263 245 2330 numeio
262 2268 486 2330 historicorum
503 2268 564 2330 huc
581 2269 808 2349 pertinentium
825 2270 986 2330 neminem
1003 2278 1130 2350 praeter
1146 2269 1283 2331 Plinium

113 2393 144 2446 et
168 2383 314 2445 Cluvium
346 2383 468 2445 Rufum
501 2384 667 2446 »historias
696 2383 819 2446 Galbae
847 2394 880 2446 et
903 2384 1043 2446 Othonis
1071 2386 1158 2466 prius
1188 2387 1283 2466 scrip-

115 2501 225 2573 sisse«,
251 2520 348 2580 quam
372 2500 539 2574 Tacitum,
575 2501 745 2562 verisimile
769 2501 811 2561 sit
834 2500 875 2582 (p.
905 2499 965 2583 52).
1013 2500 1126 2581 Neque
1148 2521 1226 2562 vero
1250 2522 1284 2562 se

112 2636 231 2695 negare
247 2625 374 2695 praeter
390 2615 449 2676 hos
463 2615 537 2676 'alio
561 2636 689 2698 quoque
713 2616 872 2676 interdum
896 2617 1025 2678 testium
1049 2636 1166 2697 genere
1190 2617 1283 2698 scrip·

112 2740 199 2792 tores
223 2751 297 2792 usos
329 2752 398 2792 esse
423 2733 464 2814 (p.
494 2731 554 2814 50).
601 2733 714 2806 Porr0,
749 2752 822 2792 cum
856 2733 888 2793 in
924 2715 1018 2793 rebus
1043 2731 1167 2794 Galbae
1197 2753 1283 2794 enar-

112 2846 219 2907 randis
263 2847 395 2908 Tacitus
437 2858 469 2909 et
510 2847 696 2909 Plutarchus
738 2847 897 2908 nonnullis
940 2847 1019 2910 locis
1053 2849 1099 2909 ita
1133 2849 1218 2910 inter
1240 2869 1286 2910 ·se

112 2963 311 3037 dissentiant,
338 2971 373 3023 ut
391 2962 578 3024 Plutarchus
598 2964 638 3024 de
656 2962 769 3024 iisdem
793 2963 896 3038 rebus
922 2964 963 3024 de
986 2962 1101 3044 quibus
1125 2985 1144 3024 a
1167 2963 1283 3026 Tacito

113 3078 274 3152 deflectat,
300 3085 457 3158 congruat
473 3099 546 3139 cum
568 3077 724 3141 Suetonio
739 3077 796 3161 63);
823 3099 960 3162 cumque
983 3078 1170 3140 Plutarchus
1194 3080 1285 3141 inter-

111 3232 327 3239 w—-u—

185 3281 218 3349 6³)
240 3284 302 3333 Cum
321 3284 371 3347 jam
391 3284 487 3346 saepius
506 3284 531 3330 in
551 3284 695 3332 Suetonium
715 3284 860 3346 incidimus,
886 3299 937 3332 non
961 3284 1069 3331 alienum
1088 3283 1183 3331 videtur
1201 3284 1286 3346 paucis

111 3359 281 3430 demonstrare
301 3383 367 3442 inde,
389 3383 456 3444 quod
474 3382 514 3428 hic
534 3382 610 3440 modo
629 3398 685 3429 cnm
704 3383 835 3431 Plutarcho
855 3383 924 3442 solo,
947 3383 1023 3429 modo
1036 3398 1092 3430 cum
1112 3381 1200 3429 Tacito
1219 3382 1284 3442 solo,

111 3482 192 3528 modo
211 3496 268 3528 cum
287 3480 409 3528 ambobus
429 3480 565 3540 consentit,
587 3460 673 3542 colligi
693 3495 744 3528 non
762 3496 835 3542 posse
853 3488 918 3528 recte
937 3480 993 3527 illos
1011 3480 1136 3543 judicare,
1157 3480 1199 3542 qui
1218 3495 1286 3527 com·

110 3595 215 3626 munem
242 3577 315 3626 luisse
341 3578 429 3625 Tacito
455 3585 479 3624 et
511 3578 645 3626 Plutarcho
673 3577 766 3624 fontem
791 3594 870 3640 eoque
895 3579 992 3626 tertium
1018 3577 1163 3626 Suetonium
1188 3593 1287 3640 qnoque

109 3692 184 3723 usum
204 3692 256 3724 esse
275 3675 406 3724 assumant.
438 3675 547 3723 Primum
572 3676 638 3722 enim
657 3692 741 3723 eorum
761 3676 881 3737 locorum,
903 3676 991 3739 qnibus
1011 3675 1143 3725 Suetonius
1162 3691 1239 3738 aeque
1258 3691 1287 3724 ac

108 3773 261 3822 Plutarchus
286 3790 315 3821 ea
341 3773 426 3833 refert,
454 3789 517 3836 quae
537 3773 637 3820 Tacitus
655 3773 760 3833 omittit,
792 3775 867 3836 longe
893 3774 992 3837 plurimi
1011 3802 1044 3809 —
1065 3774 1080 3820 ii
1100 3789 1203 3834 omneS,
1224 3790 1286 3837 quos

110 3871 184 3919 affert
204 3873 274 3919 Peter
302 3872 318 3921 l.
340 3872 355 3921 l.
375 3887 401 3934 p.
423 3882 454 3933 35
476 3899 509 3906 —
529 3871 554 3918 in
576 3870 624 3918 illis
649 3871 770 3934 prioribus
793 3871 822 3919 18
842 3872 966 3920 Plutarchi
986 3872 1083 3920 Galbae
1102 3871 1223 3934 capitibus
1249 3889 1286 3920 re·

108 3970 250 4032 periuntur,
272 3976 298 4016 ut
311 3970 455 4030 accuratius,
477 3969 594 4032 quoniam
607 3985 638 4016 ne
651 3985 696 4016 nos
715 3969 815 4032 quidem
834 3985 954 4032 negamus
973 3969 1087 4017 Tacitum
1105 3969 1146 4016 bic
1165 3969 1288 4018 Plutarchi

110 4075 242 4115 auctorem
261 4067 422 4131 praecipuum
448 4083 498 4115 non
519 4067 599 4127 fuisse,
621 4068 646 4114 in
665 4083 707 4115 eos
726 4068 845 4130 inquirere
863 4083 914 4115 non
934 4084 995 4132 opus
1013 4067 1051 4117 sit.
1088 4067 1121 4114 lis
1139 4083 1196 4115 vero
1215 4067 1286 4129 locis,

109 4143 154 4228 qui
176 4167 210 4213 ad
229 4166 363 4228 posteriora
382 4165 503 4228 pertinent
524 4164 596 4232 (duos
619 4165 731 4214 invenio:
758 4166 824 4216 Plnt.
845 4166 876 4216 O.
897 4179 911 4228 3
933 4161 1087 4230 „Kloopue
1108 4159 1134 4212 δὲ
1154 4159 1288 4240 ‘'Pallam“

110 4279 132 4313 e.
155 4279 183 4326 q,
206 4279 225 4314 s.
240 4292 273 4299 —
288 4264 355 4313 Suet.
375 4263 407 4311 O.
424 4275 438 4324 7
460 4263 552 4311 »immo
572 4271 597 4311 nt
616 4264 717 4326 quidam
737 4264 902 4312 tradiderunt«
923 4281 944 4314 e.
965 4279 990 4327 q.
1011 4279 1030 4313 s.
1050 4271 1074 4311 et
1087 4263 1150 4312 Plut.
1161 4263 1193 4314 G.
1208 4275 1239 4325 27
1255 4292 1287 4300 —

108 4362 183 4410 Suet.
204 4362 236 4411 G.
258 4375 307 4422 20,
334 4353 422 4424 quibus⁴
448 4361 478 4408 de
504 4361 567 4410 locis
586 4361 637 4424 jam
656 4378 730 4425 supra
749 4362 824 4410 locuti
843 4359 952 4428 sumus),
978 4362 1115 4425 putandum
1134 4361 1229 4410 videtur
1248 4369 1290 4411 aut

111 4459 266 4508 Suetonium
285 4459 365 4522 ipsum
378 4459 539 4508 Plutarchum
559 4466 668 4507 secutum
688 4476 740 4508 esse
760 4459 802 4527 (cf.
817 4461 847 4511 A.
867 4461 963 4508 Krause
984 4460 1031 4508 »ele
1050 4460 1161 4509 Suetonii
1181 4461 1289 4509 lontibus
