3218 5058
208 433 251 498 56

209 629 478 712 deprehendimus
501 628 804 698 dissimillitudinem
844 629 869 690 si
894 649 959 691 non
982 649 1096 702 rerum,
1138 637 1171 691 at
1186 655 1191 660 ·
1208 627 1381 690 verborum

210 747 373 825 totiusque
397 753 546 824 naturae.
597 744 729 806 Tacitus
760 746 844 806 enim
867 743 997 807 Claudii
1030 745 1227 820 orationem,
1260 745 1381 825 quippe

182 883 293 943 ·quae
325 881 346 923 a
376 881 433 922 sua
465 861 623 922 scribendi
659 861 782 922 ratione
817 881 946 942 prorsus
977 859 1177 934 abhorreret,
1218 861 1263 921 ita
1296 879 1381 922 com·

211 977 356 1049 mutavit,
382 984 417 1037 ut
440 973 539 1038 totius
562 977 610 1036 sui
634 977 741 1056 operis
765 977 867 1038 tenori
892 976 1127 1038 accomodaret.
1183 975 1279 1038 Unde
1295 983 1382 1037 recte

211 1092 330 1155 Clason
354 1091 431 1152 mihi
454 1091 579 1152 videtur
602 1091 754 1172 colligere
778 1093 955 1172 putandum
989 1112 1058 1153 esse
1091 1111 1180 1166 eum,
1222 1111 1294 1154 cum
1330 1091 1381 1154 vel

210 1211 243 1271 in
266 1207 411 1270 oratione
440 1206 631 1281 enarranda,
668 1228 765 1288 quarn
789 1207 815 1268 si
838 1227 897 1288 pro
921 1207 1020 1268 verbo
1049 1207 1245 1282 tradidisset,
1286 1227 1382 1269 nemo

212 1325 345 1386 miratus
369 1330 470 1396 esset,
505 1330 674 1403 tantopere
697 1322 738 1384 ab
762 1323 964 1404 imperatoris
988 1322 1092 1385 verbis
1116 1323 1316 1397 deflecteret,
1350 1324 1383 1384 in

211 1441 282 1520 ipso
306 1439 496 1500 narrationis
522 1458 614 1500 cursu
649 1438 752 1500 multo
791 1439 895 1500 minus
918 1439 988 1520 ipsa
1012 1437 1151 1499 auctoris
1174 1437 1272 1500 verba
1295 1459 1382 1520 repe-

212 1555 330 1616 tivisse.
380 1553 476 1634 Quod
500 1563 726 1634 argumentum
749 1554 834 1616 haud
858 1555 948 1636 parvi
972 1553 1049 1614 mihi
1081 1554 1206 1615 videtur
1230 1554 1381 1635 ponderis

212 1690 296 1746 esse,
338 1670 397 1732 nisi
429 1668 510 1732 sorte
546 1671 617 1751 quis
649 1679 742 1752 putat
772 1690 844 1732 eum
875 1671 1078 1758 scriptorem,
1120 1690 1216 1751 quem
1249 1669 1382 1731 Tacitus

212 1795 406 1867 sequeretur,
432 1787 610 1848 orationem
634 1785 722 1847 illam
736 1784 860 1847 Claudii
881 1786 948 1866 jam
965 1787 1069 1867 ipsum
1093 1786 1126 1848 in
1149 1806 1221 1847 earn
1245 1785 1382 1847 formam

212 1902 383 1983 redegisse,
409 1922 506 1981 quam
530 1920 613 1962 nunc
637 1902 722 1982 apud
746 1900 895 1963 Tacitum
929 1903 1124 1977 invenimus;
1159 1923 1242 1982 quae
1272 1901 1382 1983 opinio

212 2018 263 2079 vel
287 2018 369 2079 hanc
393 2016 526 2078 obrem
550 2016 627 2077 mihi
651 2015 730 2078 falsa
754 2017 981 2092 videturesse,
1007 2018 1109 2098 quod,
1146 2027 1181 2079 ut
1201 2018 1269 2098 jam
1304 2018 1382 2079 dixi·

213 2153 297 2207 mus,
338 2133 442 2194 oratio
473 2132 527 2194 illa
551 2133 628 2195 satis
651 2132 750 2214 longa
773 2153 846 2194 cum
870 2133 975 2196 Taciti
1008 2134 1132 2194 dicendi
1161 2153 1277 2214 genere
1309 2154 1381 2196 con-

214 2249 319 2311 sentit.
367 2248 411 2310 Et
433 2249 587 2330 quoniam
610 2248 690 2310 haec
714 2250 817 2311 oratio
841 2249 967 2311 Romae
1001 2250 1033 2310 in
1065 2259 1177 2311 senatu
1209 2248 1320 2311 habita
1331 2247 1383 2333 102)

215 2365 241 2426 si
265 2385 330 2426 non
354 2365 386 2425 in
410 2373 482 2426 acta
505 2365 626 2439 diurna,
652 2364 740 2444 quod
763 2373 871 2426 tamen
895 2365 980 2427 credi
1004 2373 1130 2446 potest,
1172 2374 1205 2426 at
1240 2374 1326 2428 certe
1350 2367 1382 2427 in

213 2481 465 2543 commentarios
490 2489 619 2542 senatus
643 2481 760 2542 inserta
784 2490 861 2555 erat,
887 2500 968 2561 quos
982 2481 1113 2542 Tacitus
1137 2500 1208 2543 ann.
1241 2481 1315 2543 XV.
1343 2497 1384 2562 74

214 2597 337 2659 fontem
383 2596 492 2659 laudat
503 2595 572 2679 103),
616 2595 787 2658 verisimile
828 2605 877 2657 est
920 2617 993 2657 eum
1032 2616 1219 2676 germanam
1259 2595 1383 2659 Claudii

214 2707 392 2774 orationem
425 2713 589 2794 cognitam
622 2712 772 2775 habuisse
806 2712 976 2794 ipsumque
1005 2713 1201 2774 immutasse.
1226 2750 1271 2758 —
1293 2713 1383 2774 Haec

213 2828 324 2902 habui,
366 2849 448 2909 quae
471 2827 656 2910 proferrem,-
691 2838 726 2891 ut
749 2829 1004 2890 demonstrarem
1033 2829 1138 2908 putari
1166 2827 1253 2890 nullo
1282 2828 1384 2890 modo

213 2965 310 3025 posse
334 2965 408 3006 eum
432 2946 546 3018 virum,
572 2945 626 3024 qui
651 2953 720 3007 tam
743 2964 840 3025 saepe
862 2943 913 3005 vel
937 2944 1132 3006 nominatim
1154 2944 1206 3005 vel
1230 2942 1384 3025 neglectis

213 3059 400 3122 nominibus
419 3061 608 3141 'complures
632 3081 737 3122 rerum
756 3061 928 3141 scriptores
952 3068 1051 3121 testes
1074 3059 1210 3133 afferret,
1235 3059 1289 3139 qui
1313 3067 1385 3120 acta

213 3177 335 3251 diurna,
362 3177 615 3238 commentarios
639 3185 777 3248 senatus,
803 3175 923 3238 Tiberii
947 3176 1108 3238 orationes
1139 3196 1173 3236 se
1203 3174 1385 3236 adhibuisse

213 3290 431 3373 profiteretur,
472 3293 526 3373 qui
550 3313 643 3354 suam
672 3292 771 3372 ipsius
810 3291 1005 3353 sententiam
1044 3299 1154 3372 aperte
1186 3290 1272 3352 haud
1312 3310 1383 3352 raro

212 3408 432 3489 pronuntiaret
464 3408 646 3488 diceretque
685 3417 755 3470 tam
778 3427 874 3488 saepe
897 3427 932 3468 sc
955 3427 1019 3469 non
1043 3407 1159 3469 audere
1192 3407 1269 3468 certi
1293 3406 1380 3488 quid·

212 3543 311 3604 quam
342 3523 498 3605 prolerre,
539 3525 571 3585 in
604 3522 811 3585 historiarum
845 3522 969 3585 duobus
1002 3524 1114 3604 primis
1163 3521 1251 3583 libris
1284 3542 1383 3584 unum

213 3640 277 3702 fere
300 3660 430 3721 semper
452 3649 600 3703 secutum
623 3660 693 3701 esse
716 3647 893 3700 auctorem.
949 3638 1058 3719 Quam
1082 3638 1125 3701 ob
1149 3658 1219 3700 rem
1243 3637 1284 3698 ad
1309 3657 1384 3698 eam

212 3757 401 3819 adducimur
442 3757 652 3829 sententiam,
702 3764 737 3817 ut
774 3754 998 3817 existimemus
1036 3753 1243 3816 Plutarchum
1282 3752 1383 3833 ipsius

212 3872 317 3935 Taciti
340 3871 483 3934 historiis
507 3892 602 3934 usum
625 3891 705 3932 esse.
730 3907 775 3915 -

287 4143 330 4214 ¹⁰⁹)
351 4148 382 4198 cf.
404 4163 460 4197 ann.
481 4148 525 4198 XI.
548 4160 599 4208 24:
624 4146 753 4210 »princeps
772 4174 806 4182 —
825 4151 914 4193 vocato
933 4151 1019 4193 senatu
1039 4144 1073 4192 ita
1091 4159 1191 4192 exorsus
1210 4151 1270 4194 est«

284 4269 324 4336 ¹⁰³)
344 4273 384 4320 De
402 4271 483 4320 Taciti
491 4271 724 4320 commentariorum
736 4277 835 4319 senatus
851 4286 896 4318 usu
913 4269 944 4320 cs.
956 4269 1076 4332 imprimis
1087 4268 1120 4318 R.
1135 4267 1300 4317 Weidemann
1321 4268 1386 4316 »Die

210 4371 317 4435 Quellen
336 4371 380 4419 der
398 4370 475 4419 ersten
494 4370 562 4419 sechs
579 4369 677 4418 Bticher
695 4384 745 4417 von
763 4365 872 4416 Tacitus*
890 4367 1031 4418 Annalem«
1072 4356 1384 4430 Cleve1869;'Nipper-
1452 4397 1456 4404 -

210 4470 257 4532 dey
276 4469 292 4520 l.
313 4469 330 4521 l.
349 4485 391 4534 pp.
412 4481 444 4532 23
464 4484 502 4532 sq.
543 4469 636 4518 Clason
657 4468 734 4517 »Tac
754 4482 778 4516 u.
798 4466 886 4515 Suet«
908 4481 950 4530 pp.
974 4475 1020 4528 105
1041 4481 1096 4528 sqq.
