3218 5058
205 409 247 472 12

203 614 389 688 putaremus
420 615 476 668 aut
499 606 649 668 Tacitum
674 605 809 667 mirabili
840 626 915 667 casu
946 603 1133 686 saepissime
1156 603 1268 666 iisdem
1293 603 1373 665 locis

202 721 333 800 eosdem
370 720 487 795 lonteS,
524 742 562 782 ac
596 720 814 795 Plutarchum,
851 720 1033 784 adhibuisse
1066 757 1111 764 -—
1145 721 1233 800 quod
1265 740 1370 794 nem0,

202 837 355 912 arbitror,
392 835 591 900 existimabit
620 873 664 882 -
694 845 750 898 aut
773 836 923 898 Tacitum
958 837 990 898 in
1025 836 1200 899 condendis
1232 835 1373 898 historiis

202 954 307 1035 ipsum
331 953 536 1040 Plutarchum
558 960 703 1014 secutum
727 973 806 1014 esse.
848 951 945 1032 Quod
968 953 1120 1033 quoniam
1145 972 1250 1026 nernn,
1276 972 1372 1032 quan-

202 1078 271 1131 tum
295 1070 371 1144 sci0,
397 1089 538 1149 unquam
562 1069 743 1142 contendit,
776 1089 841 1128 non
865 1089 948 1150 opus
972 1078 1034 1142 est,
1068 1068 1168 1134 multa
1192 1067 1315 1130 dehac
1339 1088 1373 1130 re

201 1186 315 1247 dicere.
364 1185 448 1263 Nam
478 1205 535 1266 per
564 1206 598 1246 se
628 1183 823 1264 intellegitur
847 1183 1014 1259 Tacitum,
1052 1193 1086 1246 ut
1114 1194 1183 1247 erat
1206 1185 1372 1246 Romanus

201 1301 485 1381 Romanarumque
519 1320 624 1362 rerum
658 1301 813 1381 scriptor,
848 1300 934 1362 nulla
957 1322 991 1363 re
1014 1300 1129 1364 adduci
1153 1301 1312 1381 potuisse,
1338 1309 1373 1361 ut

201 1417 232 1477 in
267 1417 391 1498 patriae
432 1416 566 1478 historia
601 1415 831 1478 conscribenda
875 1436 948 1478 eum
983 1416 1143 1480 Graecum
1183 1417 1372 1497 scriptorem

200 1541 385 1613 sequeretur
401 1541 433 1594 et
449 1533 490 1594 ad
515 1532 649 1596 verbum
672 1553 768 1613 saepe
791 1541 938 1608 verteret,
964 1533 1019 1613 qui
1041 1533 1125 1594 vitas
1148 1541 1273 1594 tantum
1296 1551 1370 1593 non-

200 1648 360 1711 nullorum
403 1649 544 1710 virorum
583 1648 762 1712 describere
800 1649 859 1710 sibi
898 1649 1136 1730 proposuisset,
1183 1647 1372 1730 praesertim

200 1785 273 1826 cum
298 1764 389 1826 multi
413 1764 552 1826 Romani
574 1763 642 1844 jam
666 1773 741 1826 ante
765 1785 838 1826 eum
862 1765 902 1826 de
926 1763 1051 1827 Galbae
1074 1774 1106 1826 et
1130 1763 1271 1826 Othonis
1294 1774 1372 1826 tem-

200 1900 279 1962 pore
309 1881 451 1960 egissent
466 1877 523 1962 24),
556 1889 591 1941 ut
615 1878 753 1966 Cluvius
769 1879 871 1942 Rufus
895 1889 927 1942 et
951 1880 1069 1942 Plinius
1093 1881 1196 1961 major
1219 1889 1305 1953 natu,
1332 1882 1372 1944 de

199 1996 314 2077 quibus
349 2003 464 2077 postea
498 1997 676 2058 accuratius
710 1997 911 2059 disseremus
973 1996 1059 2077 Quid
1093 2017 1171 2058 vero
1206 2017 1288 2077 opus
1323 2006 1373 2059 est

199 2112 317 2173 diutius
340 2111 381 2174 de
404 2132 442 2172 ea
465 2132 499 2174 re
522 2112 640 2186 dicere,
666 2113 706 2174 de
730 2134 794 2193 qua
817 2132 930 2174 omnes
953 2112 1156 2200 consentiunt
1180 2132 1284 2192 neque
1309 2112 1373 2174 ulla

200 2227 386 2308 relinquitur
410 2226 592 2290 dubitatio?
615 2265 660 2274 -
683 2228 796 2309 Neque
820 2229 924 2292 minus
948 2238 1070 2290 certum
1094 2237 1143 2290 est
1167 2228 1372 2290 Plutarchum

199 2352 363 2406 auctorem
395 2344 602 2425 praecipuum
634 2364 726 2406 suum
757 2365 854 2426 saepe
882 2345 1121 2408 accuratissime
1151 2344 1196 2406 ita
1226 2353 1371 2406 secutum

203 2480 289 2534 esse,
327 2468 361 2521 ut
385 2460 481 2522 etiam
506 2460 579 2522 illos
603 2459 709 2535 loc05,
741 2460 856 2540 quibus
879 2459 931 2523 hic
954 2461 995 2522 ad
1019 2460 1201 2541 complures
1225 2469 1372 2522 auctores

197 2576 396 2656 provocavit,
421 2576 463 2638 ab
478 2596 518 2638 eo
535 2577 699 2658 reciperet,
725 2577 813 2657 quod
836 2576 886 2638 vel
911 2577 981 2658 ipsa
1004 2596 1077 2638 cum
1102 2576 1207 2638 Taciti
1231 2576 1372 2639 historiis

197 2692 439 2772 comparatione
455 2712 584 2773 prorsus
598 2693 836 2754 demonstratur
852 2690 902 2776 (cf.
925 2693 1015 2755 locos
1030 2713 1127 2775 supra
1140 2692 1207 2773 jam
1224 2693 1372 2755 laudatos

198 2807 266 2870 Tac
299 2808 372 2870 hist.
397 2809 411 2868 Ι
434 2825 472 2885 41
493 2845 537 2852 -—
553 2807 633 2870 Plut.
652 2807 691 2870 G.
718 2824 775 2889 27;
802 2807 879 2870 Tac.
904 2808 977 2870 hist.
1003 2810 1085 2889 1137
1105 2847 1146 2854 -
1163 2809 1243 2871 Plut.
1263 2808 1302 2870 O.
1328 2809 1369 2891 9).

197 2923 265 2986 Nec
297 2944 374 2986 vero
409 2923 487 2985 illud
522 2925 621 2986 modo
657 2944 718 3005 pro
750 2933 839 2986 certo
872 2924 947 2987 licet
976 2924 1136 2987 affirmare
1166 2924 1371 2987 Plutarchum

198 3059 295 3102 unum
320 3038 443 3102 fontem
467 3039 706 3102 accuratissime
729 3049 875 3102 secutum
899 3061 978 3116 esse,
1004 3042 1061 3103 sed
1084 3041 1116 3106 id
1140 3061 1270 3122 quoque
1293 3041 1371 3102 satis

197 3164 332 3238 apparet
348 3155 432 3218 hunc
449 3176 546 3218 unum
563 3156 631 3236 ejus
647 3155 770 3218 iontem
787 3155 883 3218 luisse
906 3156 1022 3219 librum
1045 3177 1065 3218 a
1088 3157 1238 3218 Romano
1262 3156 1370 3236 aliquo

199 3272 316 3334 Latina
351 3271 459 3352 lingua
494 3272 720 3354 conscriptum.
773 3272 858 3334 Nam
893 3293 983 3347 cum,
1020 3282 1055 3334 ut
1088 3272 1186 3334 modo
1219 3271 1368 3344 diximus

198 3388 348 3449 Tacitum
378 3396 523 3451 secutum
553 3408 623 3450 esse
653 3388 859 3451 Plutarchum
882 3409 1087 3470 nequaquam
1110 3387 1290 3470 putandum
1318 3387 1369 3463 sit,

198 3523 372 3566 consensus
395 3504 477 3566 inter
507 3525 564 3566 eos
587 3504 680 3567 aliter
701 3505 855 3587 explicari
879 3525 944 3567 non
967 3513 1090 3586 potest,
1122 3524 1220 3585 quam
1245 3513 1279 3566 ut
1302 3504 1370 3566 Plu-

198 3619 344 3682 tarchum
360 3629 415 3682 aut
431 3621 530 3701 ipsius
546 3619 651 3683 Taciti
667 3620 808 3684 historiis
830 3630 885 3683 aut
908 3621 1023 3683 eodem
1047 3630 1145 3701 atque
1168 3620 1257 3682 illurn
1282 3618 1370 3681 fonte

198 3736 229 3797 in
263 3736 338 3798 vitis
377 3735 439 3797 illis
479 3737 712 3817 componendis
747 3758 840 3799 usum
872 3758 942 3799 esse
975 3745 1140 3819 putemus;
1176 3735 1229 3816 qui
1260 3743 1369 3796 autem

198 3852 337 3934 priorem
368 3851 455 3913 illam
488 3851 725 3933 amplectuntur
748 3853 957 3926 sententiam,
988 3872 1062 3914 cum
1092 3870 1164 3912 eam
1193 3849 1368 3932 proferunt,

197 3968 378 4030 concedunt
401 3967 552 4030 Romano
575 3969 731 4049 scriptore
755 3969 873 4050 quique
896 3968 1013 4030 Latine
1036 3967 1207 4047 scripserat
1230 4003 1273 4012 -
1297 3967 1370 4049 ipso

198 4083 314 4145 Tacito
337 4121 381 4130 —
405 4084 610 4147 Plutarchum
633 4104 726 4146 usum
751 4104 836 4159 esse;
872 4083 910 4146 iis
933 4103 1028 4158 ver0,
1062 4083 1116 4163 qui
1140 4083 1275 4146 alteram
1299 4103 1369 4165 pro-

264 4249 297 4320 '⁴)
318 4253 351 4303 cl'.
372 4254 496 4318 Josephus
518 4253 577 4304 bell.
600 4254 720 4318 Jud.1V.
736 4266 760 4314 9.
781 4266 804 4302 2.
819 4251 923 4312 ,,πάντοι
943 4257 1025 4301 ταῦτα
1040 4251 1175 4320 (significat
1200 4253 1268 4302 bella
1287 4253 1369 4302 civilia

198 4351 269 4400 annis
287 4352 321 4402 68
345 4359 369 4401 et
394 4352 428 4413 69
453 4351 534 4418 gesta)
565 4347 686 4410 διεξιέναι
709 4349 756 4420 μὲν
783 4347 823 4400 ἐπ’
843 4347 951 4419 ἀκριβὲς
976 4347 1195 4420 παρῃτησάμην,
1224 4346 1316 4420 ἐπειδὴ
1337 4347 1370 4400 δι’

200 4445 282 4520 ὄχλου
302 4445 379 4500 πᾶσίν
399 4446 520 4500 ἐστικαὶ
541 4445 653 4507 πολλοῖς
672 4445 813 4518 Ἑλλήνων
832 4465 858 4498 τε
878 4446 925 4498 καὶ
944 4444 1086 4517 Ῥωμαίων
1106 4444 1333 4518 ὰναγέγραπται.“
