3218 5058
177 615 307 683 fitentur
330 615 531 701 opinionem,
558 615 635 700 ipsis
659 639 801 701 quoque,
827 616 901 700 quia
925 615 1066 693 Tacitus,
1091 625 1245 700 utsupra
1269 619 1346 681 dixi-

177 757 260 812 muS,
297 737 365 798 sine
399 737 497 798 dubio
528 737 677 799 Romano
710 759 784 798 usus
821 745 871 798 est
894 736 997 810 fonte,
1034 735 1238 798 Plutarchum
1262 735 1347 797 idem

177 853 289 916 fecisse
313 853 533 915 confitendum
557 861 614 914 est.
655 853 699 914 Et
722 854 840 914 Latino
864 872 993 932 quoque
1016 872 1164 913 sermone
1185 853 1344 934 composi-

176 979 244 1030 tum
278 969 373 1032 fuisse
397 968 556 1031 Plutarchi
588 968 711 1030 fontem
735 988 775 1030 ne
797 969 818 1029 ii
842 968 971 1048 quidem
995 976 1129 1048 negant,
1164 968 1217 1047 qui
1242 967 1346 1030 Taciti

176 1084 316 1147 historiis
346 1105 419 1146 eum
450 1104 514 1146 non
545 1104 637 1146 usum
668 1105 739 1145 esse
769 1084 975 1145 contendunt.
1023 1083 1136 1183 Neque
1166 1085 1251 1145 enim
1283 1079 1346 1145 ulla

177 1202 304 1283 reperiri
323 1209 432 1283 potest
448 1221 570 1275 caussa,
596 1221 651 1262 cur
667 1210 817 1282 putemus
832 1198 884 1261 vel
908 1219 1006 1261 unum
1030 1219 1072 1260 ex
1088 1199 1125 1260 iis
1138 1199 1346 1281 scriptoribus

175 1317 340 1392 Romanis,
366 1318 420 1398 qui
444 1325 513 1378 tum
538 1315 662 1378 Galbae
686 1325 718 1378 et
741 1315 882 1378 Othonis
906 1324 1034 1396 tempus
1059 1315 1261 1376 tractandum
1285 1316 1345 1377 sibi

175 1442 386 1514 sumpserant,
412 1430 536 1493 Graeca
552 1451 644 1493 usum
668 1453 738 1494 esse
762 1431 879 1512 lingua.
920 1430 1067 1505 Accedit,
1092 1432 1182 1511 quod
1205 1453 1247 1492 ex
1270 1452 1344 1493 non-

174 1548 267 1610 nullis
283 1569 411 1629 quoque
428 1546 585 1610 erroribus
601 1547 760 1610 Plutarchi
771 1545 817 1630 25),
832 1547 872 1608 de
889 1547 1003 1626 quibus
1014 1555 1126 1628 postea
1143 1547 1343 1623 disseremus

174 1664 325 1745 colligere
349 1664 424 1726 licet
447 1665 564 1726 Latina
588 1664 696 1744 lingua
721 1662 843 1725 fontem
867 1663 935 1743 ejus
958 1662 1113 1744 scriptum
1137 1662 1241 1724 fuisse.

258 1780 330 1860 jam
354 1800 394 1840 eo
418 1780 600 1861 pervenisse
623 1779 716 1841 nobis
739 1780 893 1853 videmur,
919 1788 954 1840 ut
987 1779 1029 1839 ad
1059 1779 1163 1860 ipsam
1186 1799 1342 1852 caussam,

172 1915 270 1976 quam
317 1898 517 1958 tractandam
561 1896 654 1957 nobis
692 1896 935 1977 proposuimus,
983 1897 1118 1956 transire
1163 1915 1341 1976 possemus

173 2002 343 2090 Quaeritur
366 2012 467 2085 enim,
492 2032 558 2092 quo
582 2013 681 2072 modo
704 2031 877 2072 consensus
901 2010 954 2072 ille
977 2011 1058 2072 inter
1081 2011 1286 2074 Plutarchum
1311 2020 1343 2073 et

172 2126 337 2201 Tacitum,
364 2128 493 2208 dequo
517 2127 618 2189 multa
639 2127 707 2207 jam
731 2127 886 2201 diximus,
913 2126 1123 2207 explicandus
1146 2127 1196 2188 sit.
1245 2127 1343 2208 Cujus

171 2261 344 2305 consensus
360 2244 450 2318 duae,
476 2251 511 2304 ut
524 2243 591 2324 jam
607 2263 704 2324 supra
726 2243 1025 2317 demonstravimus,
1050 2243 1189 2324 cogitari
1208 2252 1344 2325 possunt

171 2377 309 2420 caussae.
357 2357 442 2420 Nam
466 2368 521 2421 aut
544 2359 731 2421 Plutarchus
755 2359 904 2422 Tacitum
934 2367 1061 2421 secutus
1089 2368 1139 2421 cst
1167 2367 1222 2420 aut
1245 2360 1342 2421 ambo

172 2474 306 2536 eundem
332 2474 455 2537 fontem
470 2476 471 2480 ’
487 2477 673 2557 primarium
703 2473 923 2537 adhibuerunt.
972 2474 1117 2536 Tertium
1149 2495 1214 2536 non
1237 2475 1339 2537 datur.

169 2589 254 2651 Nam
277 2611 460 2671 perversam
489 2611 559 2652 esse
583 2611 654 2652 eam
678 2591 879 2671 opinionem,
905 2611 1002 2670 quam
1026 2610 1127 2672 nuper
1150 2591 1202 2652 W.
1227 2590 1341 2652 Dieck·

169 2724 266 2768 mann
280 2703 318 2790 26)
341 2708 493 2789 protulit,
518 2725 631 2782 nem0,
657 2707 808 2781 arbitror,
834 2727 899 2768 non
923 2706 1086 2768 concedet.
1134 2707 1223 2768 Dicit·
1244 2707 1339 2781 enim,

169 2841 242 2883 cum
266 2831 368 2897 recte,
399 2824 425 2884 si
449 2824 526 2904 quid
549 2823 659 2897 video,
695 2823 862 2904 intellegat
885 2823 1035 2884 Tacitum
1068 2842 1132 2883 non
1163 2842 1236 2894 eum
1260 2842 1339 2897 esse,

168 2939 222 3016 qui
246 2937 344 2999 alium
368 2941 558 3021 scriptorem
582 2939 820 3001 accuratissime
836 2939 877 3000 ad
901 2939 1034 3001 verbum
1058 2958 1155 3018 saepe
1178 2946 1338 3018 sequatur,

168 3073 273 3133 neque
296 3074 373 3115 vcro
397 3055 514 3117 audeat
529 3054 735 3117 Plutarchum
759 3075 799 3116 eo
823 3076 915 3116 usum
939 3075 1010 3116 esse
1033 3055 1240 3128 contendere,
1266 3053 1340 3115 inde

168 3171 282 3230 mirum
299 3170 388 3232 illum
409 3171 490 3233 inter
506 3169 655 3232 Tacitum
680 3181 712 3232 et
727 3170 932 3233 Plutarchum
956 3190 1147 3232 consensum
1172 3169 1339 3231 exordium

165 3285 295 3361 ducere,
331 3287 418 3366 quod
448 3288 493 3348 ita
523 3286 659 3349 eundem
691 3288 791 3348 secuti
821 3287 884 3349 sint
915 3286 1055 3362 fontem,
1087 3295 1122 3348 ut
1152 3285 1340 3347 Plutarchus

165 3402 366 3482 primarium,
401 3403 534 3465 Tacitus
563 3403 785 3465 secundarium
801 3423 889 3488 cum
919 3402 1085 3464 adhiberet
1097 3400 1143 3485 27).
1198 3401 1272 3482 Qua
1300 3400 1340 3462 de

165 3518 332 3592 sententia,
358 3519 511 3598 quoniam
526 3539 711 3600 perversam
728 3539 800 3580 eam
817 3539 887 3580 esse
908 3518 959 3579 vel
984 3519 1057 3579 inde
1081 3527 1225 3599 apparet,
1251 3517 1339 3597 quod

165 3639 233 3694 tam
249 3653 346 3714 saepe
363 3643 494 3715 tamque
510 3644 658 3697 accurate
685 3635 783 3698 ambo
806 3642 995 3715 congruunt,
1021 3620 1103 3716 opus
1126 3653 1191 3694 non
1215 3633 1340 3694 videtur

163 3747 255 3828 plura
278 3750 392 3812 dicere.
418 3787 462 3795 —

230 3889 262 3959 ²⁶)
283 3893 316 3942 cf.
337 3893 427 3942 Nissen
446 3893 464 3942 1.
485 3893 503 3942 l.
524 3909 567 3957 pp.
588 3903 638 3956 503
658 3909 696 3958 sq.

229 3987 262 4058 ²⁶)
285 3991 368 4040 »Num
392 3993 423 4040 de
448 3991 557 4053 ratione,
587 4007 651 4055 quae
675 3991 738 4040 inter
756 3992 818 4042 Tac.
836 3998 860 4039 et
878 3991 945 4040 Plin.
966 3989 1080 4039 historias
1104 3989 1251 4050 intercedat,
1272 3996 1338 4038 recte

163 4089 292 4139 Nissenius
311 4088 465 4154 judicaverit,
486 4090 609 4154 quaeritur
622 4097 804 4154 tractunturque
824 4090 929 4138 eandem
943 4090 1112 4153 quaestionem
1132 4096 1270 4152 spectantes
1289 4089 1339 4136 duo

172 4188 223 4250 oci,
244 4189 360 4252 quisunt
383 4188 408 4237 in
423 4187 504 4236 Taciti
527 4187 682 4236 historiarum
702 4188 766 4236 libro
786 4188 891 4237 alteros
922 4188 989 4237 Diss.
1015 4188 1100 4250 inaug.
1128 4187 1247 4236 Rustock.
1268 4187 1338 4234 Han-

160 4301 239 4335 nover
258 4285 321 4354 (sine
339 4285 445 4352 annul).
912 4274 914 4278 ‚

229 4381 261 4451 ²⁷)
281 4385 313 4436 cf.
334 4385 350 4435 l.
370 4385 388 4434 l.
407 4400 432 4448 p.
453 4397 469 4445 9
491 4384 551 4432 «fnit
569 4384 729 4433 secundarius
743 4385 833 4432 Tacito
847 4384 913 4446 lons,
935 4399 1008 4447 quem
1021 4383 1182 4448 praecipuum
1194 4381 1339 4431 Plutarchus

159 4482 305 4534 habuerat«
