3218 5058
219 436 262 501 54

220 634 309 696 locus
332 631 415 694 hanc
439 632 483 694 ob
505 653 573 695 rem
597 631 713 694 summi
737 631 862 724 videtur
885 633 1044 693 momenti
1066 651 1151 706 esse,
1176 631 1264 712 quod
1288 631 1393 693 estin

219 739 269 811 his
292 749 385 830 ipsiS,
423 749 462 810 de
495 748 610 830 quibus
637 748 815 828 loquimur,
852 747 1057 810 historiarum
1087 745 1204 827 librislz
1246 747 1393 809 >invenio

220 865 306 946 apud
329 839 496 945 quosdam*
511 873 714 926 auctores-
733 884 817 944 ego
841 884 944 944 neque
962 884 1146 925 —reor—
1158 883 1293 943 neque«;
1318 862 1392 925 hist.

220 981 249 1042 11
277 995 332 1042 101
373 980 563 1060 »scriptores
591 1015 635 1024 -
665 979 839 1041 tradidere:
872 978 965 1041 nobis
988 1013 1032 1024 —
1055 978 1230 1040 videntur«
1280 977 1394 1060 Neque

132 1114 136 1117 ·
220 1095 265 1158 illi
281 1096 344 1158 loci
360 1094 551 1175 neglegendi
575 1102 657 1166 sunt,
683 1094 797 1176 quibus
814 1115 851 1156 ea
874 1115 908 1156 re
924 1095 1056 1157 Tacitus
1079 1094 1279 1174 diligentiam
1303 1114 1394 1156 suam

221 1212 371 1286 declarat,
397 1210 484 1290 quod
500 1208 669 1291 profitetur
684 1210 762 1271 certi
786 1210 962 1291 quidquam
985 1231 1019 1272 se
1043 1210 1168 1272 tradere
1192 1230 1256 1271 non
1280 1230 1392 1292 posse;

222 1325 382 1391 namhoc
406 1346 448 1386 ex
471 1345 544 1387 mea
567 1325 697 1406 quidem
721 1326 879 1388 sententia
902 1346 967 1387 non
991 1325 1132 1403 lecisset,
1163 1327 1189 1387 si
1218 1327 1244 1388 is
1268 1325 1387 1401 luisset,

222 1462 317 1523 quem
348 1440 464 1502 Nissen
499 1450 532 1504 et
562 1443 659 1504 ceteri
694 1461 767 1504 eum
797 1450 920 1524 putant.
974 1441 1098 1522 Quibus
1131 1462 1173 1504 ex
1202 1442 1282 1505 locis
1318 1450 1393 1503 non-

223 1557 327 1620 nullos
362 1557 473 1620 afferre
504 1558 621 1621 licebit.
679 1559 768 1620 Dicit
801 1559 908 1639 igitur
927 1577 999 1620 ann.
1032 1559 1045 1619 I
1080 1559 1129 1618 81:
1167 1558 1225 1620 vde
1256 1557 1395 1620 comitiis

222 1673 441 1736 consularibus
476 1711 519 1719 --
554 1675 632 1735 vix
667 1675 884 1756 quicqam
920 1672 1116 1735 firmare
1151 1674 1271 1736 ausim:
1313 1673 1395 1735 adeo

223 1789 349 1851 diversa
385 1809 450 1852 non
486 1790 585 1855 modo
621 1790 707 1871 apud
730 1798 887 1863 auctores
924 1791 980 1852 sed
1016 1790 1047 1850 in
1082 1789 1199 1871 ipsius«
1239 1787 1396 1872 (Tiberii)

229 1904 444 1967 »orationibus
473 1905 710 1986 reperiuntur«;
741 1925 812 1966 ann.
845 1904 878 1966 V
906 1921 961 1967 10:
999 1926 1120 1987 >meque
1150 1926 1209 1968 nos
1238 1905 1395 1985 originem

223 2019 362 2082 finemve
396 2020 465 2101 ejus
505 2021 549 2082 rei
580 2021 662 2083 ultra
692 2022 940 2102 comperimus«;
974 2021 1047 2083 hist.
1067 2005 1121 2083 ΙΙΙΙ
1146 2037 1200 2083 22:
1232 2022 1396 2083 »ordinem

224 2136 361 2219 agminis
384 2153 630 2199 -asseverare
653 2158 718 2199 non
742 2138 853 2212 ausim,
879 2157 1075 2219 quamquam
1099 2137 1151 2200 alii
1176 2136 1394 2211 tradiderint«,

224 2273 289 2334 quo
312 2273 354 2314 ex
378 2252 461 2327 loco,
486 2253 638 2334 quoniam
655 2272 695 2315 ne
710 2253 741 2314 in
759 2253 870 2315 ordine
886 2253 1015 2335 quidem
1032 2253 1169 2333 agminis
1185 2252 1396 2315 describendo

225 2369 336 2431 leviter
351 2378 504 2444 versatur,
530 2369 653 2451 optime
669 2369 774 2430 Taciti
790 2369 955 2451 diligentia
972 2369 1125 2450 cognosci
1144 2390 1241 2451 posse
1260 2369 1393 2430 videtur.

224 2485 337 2567 Neque
361 2484 578 2566 neglegendus
613 2494 662 2547 est
694 2483 783 2547 locus
807 2506 879 2548 ann.
904 2485 981 2547 XIII
1004 2501 1062 2547 20:
1099 2505 1176 2570 »nos
1205 2505 1396 2547 consensum

225 2610 391 2664 auctorum
415 2601 568 2677 secuturi,
598 2602 624 2663 si
648 2601 702 2682 qui
726 2601 851 2664 diversa
874 2601 1087 2682 prodiderim,
1124 2600 1184 2664 sub
1214 2601 1396 2664 nominibus

225 2718 368 2798 ipsorum
391 2717 583 2779 trademus«
605 2717 714 2778 —Ex
736 2718 786 2778 his
809 2697 905 2798 igitur
928 2737 966 2778 ac
990 2715 1106 2778 talibus
1130 2715 1218 2793 loeis,
1244 2717 1396 2798 quoniam

224 2853 428 2914 nequaquam
463 2833 640 2914 putandum
675 2842 724 2895 est
759 2834 856 2896 etiam
891 2853 947 2894 eos
982 2853 1094 2895 omnes
1129 2853 1171 2894 ex
1205 2833 1277 2914 ipso
1306 2831 1396 2894 fonte

225 2949 375 3012 Tacitum
405 2948 562 3023 hausisse,
597 2969 751 3031 apparere
779 2948 940 3011 contendo
964 2948 1169 3029 rejiciendam
1193 2969 1263 3011 esse
1287 2969 1396 3011 eorum

225 3065 426 3147 opinionem,
461 3066 514 3146 qui
543 3065 730 3127 existimant
764 3085 837 3126 eum
853 3083 854 3086 ’
870 3085 966 3126 unum
1002 3064 1067 3150 fere
1094 3074 1222 3146 semper
1252 3073 1397 3126 secutum

225 3202 295 3244 esse
325 3180 448 3243 fontem
481 3190 514 3243 et
545 3183 586 3243 ad
620 3181 753 3243 verbum
784 3201 880 3262 saepe
910 3181 1156 3262 transcripsisse.
1205 3180 1277 3261 Qua
1308 3181 1340 3243 in
1364 3201 1398 3242 re
1441 3167 1446 3174 ⁵

225 3306 397 3379 propterea
428 3305 495 3358 tam
528 3297 644 3378 longus
680 3296 737 3372 lui,
779 3297 866 3377 quod
904 3298 936 3358 in
975 3315 1012 3358 ea
1047 3297 1272 3377 gravissimum
1307 3316 1396 3376 argu-

226 3421 369 3474 mentum
400 3413 542 3494 positum
570 3432 639 3476 esse
663 3421 751 3494 putu.
799 3412 910 3494 Atque
944 3433 961 3474 e
991 3412 1117 3475 duobus
1145 3432 1275 3494 quoque
1307 3383 1400 3473 Plinii¹

225 3527 762 3610 epistolisTacitoinscriptis—VI
780 3530 818 3591 16
830 3530 874 3613 (et
887 3527 949 3611 20);
964 3527 1026 3590 VII
1040 3545 1079 3606 33
1094 3566 1146 3605 -,
1161 3537 1281 3609 quanta
1295 3528 1326 3590 in
1336 3527 1398 3590 hoc

225 3645 318 3707 suerit
341 3644 514 3726 diligentia,
537 3653 680 3727 apparet.
724 3645 777 3705 Ex
796 3645 925 3706 alterius
942 3645 1027 3706 enim
1051 3645 1142 3706 initio
1152 3641 1189 3726 ⁹⁸)
1204 3643 1399 3724 Intellegitur

225 3761 376 3842 petivisse
389 3761 537 3822 Tacitum
550 3760 592 3822 ab
600 3761 704 3824 amico
712 3759 823 3835 Plinio,
842 3770 876 3823 ut
886 3760 1033 3822 avunculi
1043 3760 1175 3835 exitum,
1198 3781 1281 3842 »quo
1293 3760 1398 3822 verius

226 3878 349 3939 tradere
358 3877 512 3958 posteris«
525 3887 645 3958 posset,
658 3876 918 3940 sibidescriberet
925 3875 973 3960 ⁹⁹),
983 3877 1014 3937 In
1021 3875 1121 3937 altera
1127 3875 1212 3938 hunc
1221 3876 1399 3937 invenimus

226 3993 332 4056 locum
350 3993 427 4056 satis
442 4013 588 4075 gravem:
619 3994 825 4055 »demonstro
842 3993 959 4074 itaque,
985 4011 1182 4074 quamquam
1198 3990 1399 4072 diligentiam

297 4228 330 4300 ⁰⁸)
353 4232 442 4294 »Petis
463 4240 489 4281 ut
507 4233 551 4281 tibi
570 4232 685 4282 avunculi
704 4232 753 4280 mei
771 4231 862 4281 exitum
881 4231 996 4293 scribam,
1018 4246 1068 4294 quo
1087 4230 1165 4279 verius
1184 4230 1278 4279 tradere
1297 4229 1400 4295 posteris

225 4331 328 4396 possm«

298 4452 331 4522 ⁹⁹)
351 4455 383 4506 es.
403 4455 487 4504 Hirzel
506 4455 524 4504 1.
545 4456 562 4505 l.
584 4472 609 4520 p.
629 4468 672 4519 39.
713 4455 805 4504 Clason
827 4456 905 4504 »Tae
927 4471 951 4506 u.
971 4454 1055 4506 Suet«
1076 4470 1100 4517 p.
1121 4463 1166 4516 95.
