3218 5058
261 416 303 479 22

261 612 345 674 enim
369 612 501 673 Tacitus
529 610 755 692 Sempronium
785 612 946 686 Densum,
978 613 1157 693 praetoriae
1189 612 1331 675 cohortis
1360 633 1428 674 cen-

260 729 428 802 turionem,
453 727 602 789 Pisonem
626 727 839 803 Licinianum,
869 748 942 788 cum
971 727 1076 790 Galba
1108 728 1276 790 interfecto
1300 729 1331 790 in
1355 750 1428 790 eum

260 864 389 924 quoque
413 842 589 905 Othoniani
613 843 838 924 irrumperent,
863 864 989 906 summa
1012 845 1129 906 virtute
1152 844 1331 908 defendisse
1355 846 1428 907 effu-

259 959 412 1040 giumque
435 959 464 1020 ei
487 958 621 1021 dedisse.
663 957 783 1019 Contra
799 947 1029 1021 Plutarchus‘l.
1055 936 1076 1020 l..
1100 979 1165 1021 non
1188 960 1346 1035 Pisonem,
1372 936 1428 1022 sed

259 1075 365 1156 ipsum
381 1073 520 1137 Galbam
536 1095 555 1135 a
571 1073 764 1155 Sempronio
781 1073 891 1136 Denso
908 1073 1073 1137 defensum
1091 1096 1160 1138 esse
1177 1075 1281 1138 refert.
1318 1075 1429 1157 Atque

260 1211 333 1251 eum
363 1211 499 1265 errasse,
533 1209 598 1252 non
626 1190 775 1251 Tacitum
806 1198 839 1252 et
868 1210 925 1270 per
952 1211 987 1252 se
1016 1191 1187 1253 verisimile
1215 1201 1264 1254 est
1295 1200 1328 1253 et
1356 1193 1428 1254 inde

259 1315 408 1387 apparet,
435 1307 522 1386 quod
545 1304 717 1368 Suetonius
741 1304 834 1368 Galb.
861 1321 904 1367 20
927 1325 1027 1387 aeque
1051 1329 1089 1369 ac
1112 1307 1244 1370 Tacitus
1268 1309 1427 1370 neminem

260 1420 383 1483 Galbae
398 1421 599 1484 defensorem
616 1422 778 1484 exstitisse
794 1421 899 1483 tradit.
947 1422 1035 1484 Dicit
1058 1424 1158 1485 enim:
1190 1423 1289 1486 »Illud
1313 1426 1428 1486 mirum

259 1537 433 1599 admodum
446 1538 547 1612 fuerit,
566 1558 668 1618 neque
687 1537 900 1618 praesentium
918 1558 1112 1618 quemquam
1130 1560 1226 1620 opem
1243 1541 1427 1622 imperatori

259 1653 339 1716 ferre
362 1662 532 1715 conatum«
561 1675 587 1715 e.
606 1675 636 1734 q.
654 1676 678 1716 s.
710 1653 802 1734 Quae
825 1673 898 1714 cum
921 1654 966 1715 ita
982 1655 1055 1729 sint,
1081 1655 1217 1717 dubitari
1231 1677 1295 1718 non
1308 1665 1426 1737 potest,

258 1769 334 1849 quin
350 1767 538 1831 Plutarchus
554 1789 601 1843 ea,
627 1789 709 1850 quae
725 1769 811 1849 apud
827 1777 992 1830 auctorem
1008 1791 1110 1845 suum,
1137 1772 1203 1832 sive
1219 1771 1271 1833 hic
1295 1772 1427 1834 Tacitus

259 1883 326 1958 fuit,
351 1885 419 1946 sive
442 1883 522 1946 alius
552 1885 689 1965 scriptor
711 1885 891 1959 RomanuS,
917 1886 957 1947 de
980 1887 1091 1949 Denso
1116 1887 1301 1962 exstabant,
1334 1887 1425 1963 fals0,

258 2019 321 2080 qua
345 2007 413 2060 erat
436 1999 579 2074 levitate,
605 1999 798 2062 intellexerit
822 1999 957 2062 fortasse
980 2003 1011 2063 in
1036 2022 1174 2064 errorem
1199 2003 1355 2065 adductus
1378 2003 1427 2066 his

258 2114 362 2177 Taciti
397 2115 502 2177 verbis
538 2115 621 2199 (hist.
656 2117 669 2176 I
703 2115 771 2197 43):
813 2116 974 2179 »centurio
1009 2119 1036 2180 is
1071 2121 1251 2201 praetoriae
1285 2119 1427 2182 cohortis

257 2253 277 2293 a
300 2229 450 2293 Galba
472 2231 637 2293 custodiae
653 2232 777 2293 Pisonis
793 2232 952 2295 additus«.
988 2233 1074 2297 Nam
1090 2237 1205 2298 eodem
1222 2257 1260 2297 ac
1276 2236 1426 2298 Tacitum

258 2346 347 2408 fonte
375 2356 430 2408 aut
457 2346 520 2408 hoc
550 2347 621 2428 ipso
651 2347 856 2410 Plutarchum
888 2348 951 2411 hoc
975 2371 1104 2432 quoque
1138 2352 1211 2414 loco
1240 2373 1332 2414 usum
1357 2373 1426 2415 esse

257 2462 308 2523 vel
344 2462 417 2523 inde
446 2472 553 2544 patet,
590 2463 693 2544 quod,
725 2485 808 2544 quae
830 2464 1017 2528 Plutarchus
1048 2467 1158 2541 tradit,
1191 2489 1314 2543 eorum,
1345 2488 1427 2549 quae

258 2578 389 2640 Tacitus
413 2587 527 2655 narrat,
554 2580 631 2642 satis
655 2601 807 2661 magnam
831 2601 908 2663 prae
932 2603 966 2644 se
990 2581 1093 2645 ferunt
1116 2583 1356 2645 similitudinem
1380 2585 1426 2667 (ut

257 2692 389 2755 Tacitus
419 2693 468 2755 his
500 2695 605 2757 verbis
637 2697 852 2759 narrationem
882 2698 995 2779 incipit
1022 2679 1094 2760 hist.
1129 2698 1142 2759 Ι
1169 2714 1210 2775 43
1246 2698 1425 2778 »Insignem

257 2808 311 2870 illa
341 2810 392 2870 die
421 2811 523 2871 virum
557 2810 784 2893 Sempronium
817 2813 961 2874 Densum
996 2823 1108 2875 aetas
1141 2821 1276 2874 nostra
1300 2812 1419 2874 vidit»

198 2907 202 2916 ’
257 2934 289 2987 et
312 2924 499 2988 Plutarchus
522 2925 561 2989 G.
577 2928 618 2989 26
641 2928 721 2990 haec
745 2928 838 2990 dicit:
866 2965 930 3003 „—
953 2928 1032 3013 πλὴν
1056 2925 1124 2999 ἑνὸς
1148 2924 1267 3011 ἀνδρός,
1286 2928 1318 2991 ὃν
1335 2933 1424 3013 μόνον

255 3038 389 3124 ἥλιος
424 3039 607 3105 ἐπεῖδεν
644 3039 674 3106 ἐν
711 3047 833 3128 μυριάσι
867 3044 1030 3114 conuocare
1064 3041 1147 3114 ἄξιον
1183 3055 1237 3131 τῆς
1265 3041 1423 3129 Ῥωμαίων

256 3153 462 3243 ἡγεμονίας“).
499 3159 542 3220 Et
558 3160 710 3240 quoniam
724 3160 791 3238 jam
808 3160 885 3220 satis
901 3158 1140 3222 demonstrasse
1163 3162 1257 3222 nobis
1280 3161 1424 3222 videmur

256 3272 460 3335 Plutarchum
494 3273 548 3336 illa
582 3274 622 3335 de
653 3273 757 3336 Galba
791 3275 944 3336 aDenso
978 3284 1126 3356 protecto
1159 3275 1260 3338 relata
1295 3284 1350 3338 aut
1384 3297 1426 3336 ex

256 3388 333 3469 ipsis
357 3389 460 3450 Taciti
494 3389 635 3450 historiis
662 3398 718 3450 aut
741 3409 783 3450 ex
806 3390 938 3466 eodem,
970 3410 1036 3472 quo
1059 3391 1111 3454 hic
1135 3413 1209 3454 usus
1233 3400 1299 3467 est,
1337 3390 1425 3453 sonte

255 3502 407 3578 hausisse,
433 3505 489 3566 sed
513 3504 594 3566 falso
617 3505 811 3586 percepisse,
837 3526 920 3568 nunc
943 3507 1126 3584 videamus,
1152 3509 1320 3589 quomodo
1355 3506 1423 3568 Plu·

255 3619 383 3681 tarchus
413 3619 495 3681 hanc
527 3639 618 3680 suma
649 3621 863 3683 narrationem
887 3625 1098 3686 exornaverit.
1145 3623 1244 3704 Quod
1267 3623 1329 3684 hoc
1353 3622 1426 3684 loco

256 3737 379 3817 optimc
408 3735 588 3816 perspicere
623 3735 716 3798 nobis
744 3745 915 3819 propterea
946 3738 1035 3813 licet,
1070 3739 1158 3819 quod
1190 3747 1277 3800 certe
1305 3739 1423 3800 scimus

255 3870 328 3913 cum
353 3849 463 3925 multa,
488 3870 572 3930 quae
603 3850 737 3932 profert,
767 3852 887 3934 quippe
921 3873 1004 3934 quae
1032 3853 1137 3915 solum
1168 3854 1209 3916 ad
1241 3852 1381 3916 Galbam
1403 3875 1423 3915 a

254 3967 366 4029 Denso
390 3965 569 4054 defensum,
599 3987 663 4028 non
687 3968 729 4029 ad
759 3968 906 4030 Pisonem
937 3989 1067 4050 quoque
1091 3970 1261 4050 quadrent,
1294 3990 1311 4030 e
1335 3969 1424 4031 fonte

255 4104 323 4158 su0,
349 4083 380 4143 in
404 4103 468 4163 quo
485 4083 630 4145 Densum
654 4083 769 4146 tuitum
794 4105 863 4146 esse
886 4085 1035 4147 Pisonem
1060 4086 1212 4147 traditum
1236 4095 1313 4160 erat,
1338 4094 1425 4148 certe

255 4218 319 4260 nou
348 4197 500 4279 hausisse,
530 4199 587 4261 sed
610 4200 716 4282 ipsum
745 4200 905 4262 alucinatu
936 4221 1048 4262 messe.
1097 4200 1149 4262 Ac
1179 4202 1319 4283 primum
1350 4221 1423 4263 con·

255 4312 458 4375 siderandum
482 4323 548 4390 est,
583 4336 680 4396 quam
710 4316 868 4378 rhetorice
898 4317 970 4396 ipso
998 4317 1090 4378 initio
1121 4317 1311 4378 narrationis
1340 4316 1423 4378 illius

254 4428 355 4489 dicat:
383 4425 524 4513 „⁸Hpuve
541 4430 574 4492 δὲ
591 4427 689 4500 οὐδεὶς
705 4427 775 4494 οὐδὲ
792 4427 908 4518 ὑπέστη
926 4433 1005 4518 πλὴν
1031 4430 1100 4505 ἑνὸς
1125 4430 1246 4516 ἀνδρὸς,
1271 4429 1304 4494 ὅν
1333 4437 1423 4516 μόνον
