3218 5058
1262 409 1304 478 47

131 612 197 652 rum
216 590 339 655 sontem
356 613 425 654 esse
441 591 615 666 habendas,
640 591 693 654 ubi
710 591 802 654 aliter
818 611 885 653 rem
902 611 937 652 se
951 587 1070 652 habere
1093 590 1305 652 demonstrari

129 728 190 768 non
215 709 326 788 possit.
372 708 498 769 Eodem
522 729 598 770 vero
623 709 722 768 modo
746 716 843 788 atque
867 706 937 768 aliis
962 706 1049 769 libris
1074 706 1224 768 Tacitum
1250 705 1305 768 illo

128 844 254 905 quoque
287 844 379 886 usum
410 845 480 886 esse
512 844 630 904 negare
666 844 769 905 neque
800 822 948 884 volumus
981 841 1085 904 neque
1118 842 1304 903 possumus.

215 938 464 1002 Concedendum
482 940 578 1020 igitur
602 947 659 1013 est,
686 939 711 1002 si
735 948 823 1000 recta
846 947 929 1012 sunt,
955 959 1038 1018 quae
1061 938 1172 1011 attuli,
1199 959 1304 1020 neque

128 1064 199 1116 acta
222 1056 334 1128 diurna
359 1076 564 1118 communem
589 1055 712 1116 fontem
736 1055 882 1116 ducenda
906 1074 985 1129 esse,
1012 1073 1114 1134 neque
1131 1053 1223 1114 Plinii
1247 1063 1302 1116 aut

129 1171 229 1233 Cluvii
254 1170 421 1246 historias,
457 1192 560 1253 neque
584 1171 835 1232 existimandum
859 1190 929 1231 esse
953 1169 1104 1231 Tacitum
1128 1178 1160 1231 et
1183 1169 1302 1231 Plutar-

127 1288 220 1348 chum
253 1288 471 1369 compluribus
513 1288 631 1369 pariter
676 1285 899 1348 communibus
936 1283 1078 1346 sontibus
1111 1305 1186 1345 usos
1221 1306 1300 1346 esse.

128 1403 307 1484 Quemnam
324 1413 432 1465 autem
445 1414 478 1465 tu
492 1414 585 1484 potes
602 1403 699 1464 alium
716 1412 842 1483 praeter
858 1421 923 1474 eos
941 1422 1023 1481 quos
1038 1401 1301 1480 ¹commemoravi,

127 1529 290 1581 auctorem
318 1520 500 1594 nominare,
537 1539 634 1599 quem
665 1527 792 1580 secutos
824 1539 894 1579 esse
917 1518 1031 1578 ambos
1056 1515 1302 1578 existimemus?

127 1635 181 1696 An
205 1634 340 1696 Fabium
366 1635 553 1696 Rusticum?
596 1634 643 1695 At
667 1634 719 1696 hic
743 1635 773 1696 in
798 1633 964 1714 annalibus
989 1641 1114 1694 tantum
1138 1633 1224 1717 (XIII
1250 1649 1302 1696 20.

126 1751 205 1811 XIV
222 1767 251 1827 2.
277 1751 342 1812 XV
359 1751 413 1834 61)
437 1760 549 1813 auctor
572 1750 735 1824 laudatur,
765 1770 923 1830 nusquam
947 1750 978 1809 in
1009 1748 1163 1842 historiis,
1198 1769 1302 1830 neque

128 1867 259 1928 omnino
290 1867 415 1928 videtur
443 1868 484 1928 in
504 1867 679 1929 scribendis
709 1867 851 1927 historiis
873 1865 999 1957 longius
1024 1873 1195 1946 provectus
1219 1884 1298 1938 esse.

127 2003 224 2064 quam
249 2004 349 2063 usque
372 1984 414 2045 ad
429 1982 566 2044 Neronis
591 1979 763 2062 exitumffl).
812 1981 863 2042 Ac
883 2001 923 2042 ne
951 1981 1029 2042 illud
1050 1981 1180 2060 quidem
1197 1980 1300 2060 negle-

125 2100 266 2180 gendum
289 2108 353 2173 est,
379 2100 583 2180 superstitem
608 2119 680 2160 eum
705 2098 818 2174 fuisse,
843 2117 917 2159 cum
940 2096 1072 2174 Tacitus
1095 2096 1301 2157 historiarum

126 2216 246 2295 primos
262 2215 362 2276 libros
385 2212 544 2297 ederetssss),
571 2225 605 2276 ut
629 2214 679 2276 vel
703 2214 786 2276 hanc
809 2213 852 2273 ob
877 2233 944 2274 rem
967 2212 1024 2273 vix
1047 2212 1297 2273 existimandum

126 2331 167 2391 sit
182 2331 266 2392 hunc
284 2331 351 2411 ejus
375 2330 516 2392 historiis
540 2350 667 2411 semper
691 2329 756 2390 fere
780 2329 1018 2391 accuratissime
1043 2347 1135 2388 usum
1159 2347 1237 2388 esse.
1255 2364 1300 2371 —

123 2446 178 2506 An
196 2446 392 2527 Vipstanum
408 2445 604 2508 Messalam?
652 2446 715 2525 Qui
733 2446 764 2506 in
782 2447 877 2507 tertio
894 2444 965 2505 solo
989 2443 1194 2505 historiarum
1218 2442 1299 2504 libro

124 2562 179 2645 (cc.
207 2575 259 2640 25.
282 2561 335 2645 28)
359 2563 450 2624 testis
475 2562 632 2637 laudatur,
659 2582 722 2622 non
746 2563 778 2622 in
802 2560 927 2622 duobus
951 2560 1072 2641 primis,
1098 2579 1201 2640 neque
1224 2559 1300 2620 veri·

124 2677 227 2739 simile
250 2686 299 2739 est
313 2676 351 2761 89)
375 2715 418 2723 —-
449 2678 537 2758 quod
566 2677 633 2758 jam
666 2699 761 2758 supra
790 2678 930 2737 diximus
953 2695 1094 2736 --eum
1120 2695 1201 2756 opus
1225 2695 1301 2737 vere

123 2793 311 2854 historicum
342 2794 532 2856 condidisse.
564 2831 607 2838 —=-
632 2793 686 2854 An
716 2793 897 2855 Domitium
932 2790 1167 2866 Corbulonem,
1204 2810 1300 2871 quem

125 2909 262 2970 Tacitus
282 2929 355 2971 ann.
381 2910 455 2971 XV.
486 2910 525 2970 16
549 2918 714 2970 auctorem
739 2909 850 2971 affert?
897 2909 957 2982 At,
993 2907 1114 2969 utalia
1139 2907 1298 2980 omittam,

123 3034 301 3087 notumest
315 3046 389 3086 eum
409 3025 477 3106 jam
501 3027 640 3106 an11067
666 3047 685 3087 a
709 3025 837 3087 Nerone
860 3025 1019 3106 supplicio
1043 3023 1193 3100 affectum
1218 3042 1297 3084 esse.

127 3139 183 3200 An
221 3139 368 3203 Cassium
401 3140 574 3215 Severum,
611 3162 708 3222 quem
740 3142 770 3202 in
804 3143 867 3203 hoc
901 3150 1047 3221 tempore
1091 3139 1300 3201 describendo

126 3255 301 3318 Suetonius
317 3255 439 3340 (Vitell.
459 3257 489 3339 2)
506 3267 622 3319 testem
639 3257 816 3318 memorat?
863 3256 911 3318 At
934 3276 1007 3317 eum
1030 3255 1180 3316 historias
1203 3255 1297 3335 scrip-

126 3373 208 3432 sisse
236 3393 348 3446 nemo,
385 3375 514 3454 opinor,
554 3375 727 3436 contendet
756 3393 859 3454 neque
887 3381 996 3453 potest
1028 3353 1203 3444 dubitari,x
1223 3370 1299 3449 quin

122 3486 298 3549 Suetonius
322 3487 376 3549 illa
400 3510 418 3550 e
442 3488 574 3551 famosis
599 3489 666 3570 ejus
690 3489 805 3551 libellis
817 3487 855 3571 90)
879 3488 1027 3549 hauserit.
1059 3525 1104 3531 —
1122 3486 1177 3546 Au
1200 3483 1298 3547 alium

121 3624 164 3664 ex
200 3624 311 3664 eorum
342 3624 490 3680 numero,
525 3626 607 3687 quos
637 3605 701 3667 Ad.
733 3604 881 3665 Schmidt
894 3601 931 3686 ⁹¹)
966 3602 1073 3664 affert:
1113 3601 1296 3682 »Eulogius

123 3717 297 3782 Suetonius
330 3719 508 3795 Paullinus,
540 3721 680 3782 Licinius
715 3721 899 3793 MucianuS,
935 3718 1097 3780 Asconius
1129 3718 1296 3793 Pedianus

116 3835 220 3914 Julius
248 3835 430 3912 SecunduS,
467 3837 577 3917 Junius
600 3837 759 3910 Rusticus
785 3835 963 3897 Herennius
988 3833 1132 3908 Seneci0,
1159 3831 1194 3895 C.
1217 3833 1296 3895 Fan-

120 3951 203 4026 nius,
223 3951 361 4014 Titinius
379 3951 505 4034 Capito,
530 3953 680 4034 Aquilius
699 3952 852 4033 Regulus
879 3951 1100 4031 Hermogenes
1120 3948 1295 4025 Tarsensis

195 4091 228 4160 ⁸⁷)
249 4094 282 4144 cf.
303 4095 354 4144 Ad.
377 4094 493 4144 Schmidt
512 4095 529 4146 l.
549 4095 567 4144 l.
588 4111 632 4160 pp.
654 4096 670 4144 6
689 4111 727 4160 sq.

196 4187 228 4258 ⁸⁸)
249 4192 281 4243 cf.
302 4193 409 4254 Teuffel,
430 4193 507 4242 Rom.
528 4193 756 4242 Literatur-Gesch.
775 4190 792 4260 ἓ
811 4206 873 4256 314,
895 4193 920 4242 6.

195 4287 228 4356 ⁸⁹)
249 4291 282 4340 cs.
304 4291 394 4339 Nissen
413 4292 430 4340 l.
452 4292 470 4340 l.
491 4308 535 4356 pp.
554 4292 604 4354 528
624 4307 660 4356 sq.
684 4292 776 4340 Clason
798 4291 914 4339 »Tacitus
934 4293 984 4340 und
1003 4292 1113 4343 Sueton«
1134 4311 1177 4360 pp.
1191 4295 1224 4345 88
1238 4311 1294 4362 sqq.

195 4385 229 4456 ⁹⁰)
250 4388 284 4438 cf.
306 4390 368 4439 Tac.
390 4405 450 4438 ann.
471 4390 492 4438 Ι.
516 4400 557 4451 72.

194 4484 228 4554 ⁹¹)
248 4487 266 4537 l.
282 4488 300 4536 l.
321 4504 347 4552 p.
368 4503 400 4552 43
419 4487 451 4538 cf.
471 4503 570 4552 quoque
588 4489 753 4537 Wiedemann
773 4488 789 4539 l.
810 4488 826 4538 l.
846 4504 889 4552 pp.
913 4499 943 4551 51
966 4505 1002 4552 sq.
