3218 5058
219 380 238 444 8

219 572 368 638 Othonis·
383 574 567 656 conscripta
590 575 662 638 sint.
710 574 821 655 Atque
844 573 925 636 inter
949 593 1062 635 omnes
1086 579 1225 635 constat*
1241 569 1390 632 Tacitum

222 691 281 772 sub
304 690 436 771 Trajani
460 690 597 772 imperio
620 689 770 752 historias
801 690 1031 771 composuisse.
1079 687 1124 750 Et
1146 687 1299 769 quoniam
1324 706 1390 748 non

219 807 323 869 minus
346 815 432 868 certe
455 807 573 868 scimus
597 827 651 868 eas
675 815 750 868 ante
773 805 918 880 annales,
955 827 1038 887 quos
1060 813 1194 878 vocant,
1231 803 1314 866 circa
1338 821 1389 864 an-

218 912 295 985 num
319 923 380 984 116
398 923 502 984 editos
513 920 550 1006 ¹¹)
574 943 592 984 a
616 922 733 983 Tacito
756 922 892 1003 scriptas
917 942 996 997 esse,
1021 919 1159 983 dubitari
1182 939 1247 982 non
1271 927 1389 1000 potest,

218 1039 295 1120 quin
320 1039 404 1100 inter
440 1059 542 1100 annos
565 1039 607 1116 98
639 1045 671 1098 et
699 1049 756 1116 115
788 1037 940 1099 historiae
963 1035 1165 1118 compositae
1186 1031 1259 1098 sint.
1308 1033 1391 1096 Cum

218 1175 295 1216 vero
318 1155 398 1215 duas
421 1154 605 1216 notissimas
629 1152 700 1214 illas
723 1153 815 1215 Plinii
839 1152 993 1234 epistolas
1017 1152 1076 1237 (VI
1104 1152 1142 1212 16
1166 1160 1198 1213 et
1222 1149 1285 1233 20),
1310 1170 1391 1231 quas

219 1269 335 1332 Tacito
359 1269 464 1331 amico
488 1291 527 1332 eo
551 1269 684 1331 consilio
708 1269 851 1350 scripsit,
882 1279 917 1332 ut
939 1269 1013 1330 huic
1036 1267 1078 1330 ad
1101 1267 1293 1330 enarrandas
1317 1266 1390 1328 anni

220 1401 261 1466 79
284 1407 334 1448 res
357 1386 525 1467 praeberet
548 1386 725 1460 materiam,
748 1385 816 1466 jam
839 1385 922 1448 circa
945 1405 1064 1446 annum
1088 1383 1158 1454 106.
1181 1383 1278 1445 aliam
1301 1381 1391 1444 illam

218 1502 391 1583 epistolam
412 1500 565 1588 (111133),
591 1522 655 1583 qua
678 1502 719 1562 ad
741 1499 984 1584 describendum
1011 1507 1192 1561 extremum
1211 1498 1390 1560 Domitiani

218 1627 345 1700 tempus
362 1618 494 1681 Tacitus
517 1626 666 1690 uteretur,
689 1616 758 1698 jam
779 1616 862 1679 circa
885 1635 1004 1678 annum
1032 1629 1092 1694 107
1117 1613 1297 1696 publicatas
1321 1634 1390 1676 esse

218 1735 356 1796 sciamus
372 1732 424 1817 ¹²),
459 1733 611 1814 colligere
635 1733 709 1794 licet
732 1751 816 1793 anno
845 1733 906 1793 106
929 1751 1001 1793 eam
1026 1731 1230 1792 historiarum
1253 1738 1388 1812 partem,

218 1870 315 1930 quam
331 1851 425 1912 nobis
441 1849 569 1911 fortuna
591 1847 728 1929 reliquit,
751 1847 818 1928 jam
842 1846 1023 1910 conlectam
1047 1846 1153 1910 luisse.
1191 1845 1289 1926 Quod
1311 1867 1389 1908 vero

217 1965 399 2028 Mommsen
414 1963 452 2048 ¹³)
486 1965 577 2039 inde,
621 1965 709 2045 quod
750 1965 782 2025 in
817 1973 955 2045 quatuor
987 1962 1146 2044 prioribus
1179 1961 1390 2044 epistolarum

218 2081 309 2142 Plinii
341 2080 428 2143 libris
456 2101 557 2162 usque
586 2081 627 2142 ad
651 2099 770 2142 annum
798 2091 856 2158 105
883 2079 1011 2160 scriptis
1026 2076 1063 2162 ¹4)
1087 2078 1219 2140 Tacitus
1242 2078 1390 2140 laudatur

218 2206 253 2258 ut
269 2206 378 2259 orator
394 2204 529 2270 tantum,
546 2214 704 2278 nusquam
720 2205 755 2258 ut
777 2195 982 2258 historiarum
1006 2195 1152 2276 scriptor,
1177 2193 1301 2275 colligit
1316 2214 1390 2256 eum

218 2321 293 2376 ante
324 2333 442 2375 annum
470 2325 528 2392 105
564 2313 713 2374 historias
746 2321 801 2374 aut
831 2320 957 2393 partem
981 2331 1090 2372 earum
1113 2330 1179 2372 non
1202 2307 1301 2373 modo
1325 2330 1390 2372 non

217 2429 364 2503 edidisse,
390 2429 446 2491 sed
469 2449 510 2490 ne
533 2447 606 2491 cum
630 2429 741 2496 amicis
765 2428 895 2510 quidem
918 2426 1190 2502 communicasse,
1216 2446 1281 2489 non
1305 2435 1391 2490 recte

217 2544 321 2608 lacere
336 2545 470 2606 videtur.
507 2544 620 2626 Neque
643 2545 728 2606 enim
752 2544 928 2626 quidquam
951 2563 993 2605 ex
1017 2561 1089 2604 mea
1112 2543 1243 2624 quidem
1266 2551 1388 2604 senten·
1434 2563 1441 2575 ·

217 2662 262 2723 tia
285 2661 428 2742 impedit,
454 2661 625 2741 quominus
648 2665 723 2722 casu
748 2659 810 2722 hoc
834 2659 953 2721 sactum
977 2679 1048 2720 esse
1070 2667 1230 2740 putemus.
1277 2658 1390 2738 Neque

217 2769 332 2838 rectius
358 2776 466 2838 Hirzel
482 2773 518 2859 11)
542 2776 692 2837 Tacitum
716 2796 781 2837 non
804 2784 879 2837 ante
903 2794 1022 2837 annum
1042 2790 1101 2835 102
1136 2774 1286 2836 historias
1317 2793 1390 2836 con-

217 2893 355 2954 scribere
378 2894 525 2975 coepisse
547 2893 622 2954 inde
651 2891 907 2953 concludendum
937 2911 1007 2953 esse
1037 2898 1164 2965 censet,
1201 2891 1288 2971 quod
1316 2900 1391 2953 ante

216 3008 299 3070 hunc
315 3028 443 3082 annum,
468 3029 534 3090 quo
551 3006 708 3088 Traianus
723 3006 920 3088 triumphum
942 3007 1062 3087 egisset
1084 3007 1125 3068 de
1147 3006 1259 3081 Dacia,
1285 3006 1391 3070 dicere

216 3145 281 3186 non
304 3124 445 3205 potuerit
467 3123 551 3208 (hist.
577 3122 639 3206 11)
667 3123 900 3204 »principatum
924 3122 988 3183 divi
1012 3122 1138 3184 Nervae
1161 3131 1194 3184 et
1218 3122 1388 3203 imperium

216 3239 360 3320 Trajani,
392 3240 630 3302 uberiorem
661 3239 918 3320 securioremque
949 3238 1131 3310 materiam,
1163 3237 1319 3299 senectuti
1343 3257 1388 3298 se-

215 3355 340 3438 posui«
379 3355 458 3417 Mihi
482 3355 568 3418 enim
584 3354 717 3417 Tacitus
740 3354 840 3417 verbo
868 3353 1083 3416 «uberioremr
1120 3373 1195 3414 usus
1219 3351 1324 3415 minus
1348 3355 1390 3416 ad

124 3525 128 3534 .
218 3492 268 3533 res
296 3471 382 3534 bello
412 3480 521 3552 gestas
544 3472 670 3534 videtur
693 3479 839 3552 spectare
861 3507 906 3518 ——
928 3470 1019 3531 addit
1041 3469 1127 3531 enim
1150 3468 1287 3532 alterum
1311 3469 1390 3532 illud

220 3587 449 3650 »securiorem«
488 3625 532 3634 —
567 3607 664 3668 quarn
699 3588 741 3649 ad
775 3586 962 3649 felicitatem
994 3594 1027 3648 et
1061 3585 1309 3666 prosperitatem
1344 3585 1388 3646 rei

281 3815 313 3883 ¹¹)
333 3819 367 3869 cl.
387 3819 531 3884 Nipperdey
549 3819 567 3869 1.
588 3820 606 3868 l.
627 3835 671 3884 pp.
696 3829 725 3882 ις
745 3835 782 3883 sq.

281 3914 313 3984 ¹¹)
333 3917 367 3967 cs.
388 3919 439 3968 Th.
451 3919 592 3967 Mommsen
614 3919 677 3966 »Zur
690 3916 931 3980 lebensgeechichte
950 3915 994 3966 des
1011 3916 1131 3982 jdngeren
1143 3913 1261 3966 Plinius·
1283 3915 1389 3964 Hermes

214 4017 253 4064 111
271 4032 315 4081 n>-
334 4029 368 4078 49
388 4031 442 4080 sm·

282 4109 314 4181 Ι1)
334 4114 352 4163 l.
374 4113 393 4163 l.
411 4129 440 4178 p.
465 4124 521 4175 107.

282 4208 314 4279 ¹⁴)
334 4212 366 4263 ci.
387 4213 528 4260 Mommsen
547 4211 566 4261 1.
587 4212 604 4262 l.
623 4228 668 4277 pp.
688 4225 722 4276 43
743 4227 798 4276 sqq.

281 4307 313 4377 ¹⁶)
335 4309 505 4374 »comparatio
530 4325 631 4370 eorum,
667 4324 730 4373 quae
753 4310 784 4358 de
811 4307 999 4373 imperatoribus
1022 4308 1106 4357 Galba
1133 4315 1157 4356 et
1184 4307 1286 4357 Othone
1311 4306 1389 4355 relata

213 4408 318 4476 legimus
337 4408 403 4474 apud
421 4407 546 4468 Tacitum,
568 4407 743 4469 Plutarchum,
764 4406 927 4468 Suetonium,
948 4406 1058 4455 Dionem
1078 4405 1191 4456 Cassium
1209 4413 1275 4455 ete«
1297 4420 1324 4469 p.
1344 4418 1387 4466 4ο.
