3218 5058
1300 372 1342 436 23

170 567 259 656 ἥλιος
275 566 390 634 ἐπεῖδεν
408 566 438 632 ἐν
457 572 578 653 μυριάσι
595 570 757 640 τοσαυταις
776 567 858 639 άξιον
883 579 938 654 τῆς
962 565 1120 652 Ῥωμαίων
1144 565 1341 654 ἡγεμονίας.“

171 686 296 748 Deinde
319 706 396 748 vero
424 686 507 746 unde
536 693 632 766 putas
656 685 896 766 deprompsisse
920 704 1008 758 eum,
1046 704 1128 765 quae
1158 685 1268 746 statim
1298 705 1343 747 se-

170 811 327 882 quuntur:
356 797 462 876 ,,ουδέν
479 799 541 883 trra
557 803 688 885 χρηστὸν
706 795 763 863 ὑπὸ
780 798 890 882 Γάλβα
913 802 1097 871 aaaron&
1122 837 1165 844 —
1190 805 1342 887 ,προέστη

171 917 222 980 rou
239 921 381 1004 popelou“
395 954 439 962 —-
453 913 550 999 ,,ἐβοά
566 919 619 979 καὶ
635 915 823 978 διενελεάετο
841 915 1002 1002 φείδεσθαι
1023 925 1073 978 τοῦ
1096 912 1340 999 αὐτοκράτορος(

174 1054 200 1094 e.
216 1053 246 1113 q.
261 1055 284 1095 s.
298 1030 358 1114 4⁷)?
383 1032 474 1113 Quae
498 1032 606 1094 omnia
616 1033 721 1112 ipsum
731 1031 935 1094 Plutarchum
946 1032 1149 1112 excogitasse
1168 1033 1341 1095 contendo

172 1149 244 1230 Jam
287 1149 328 1210 ad
366 1149 464 1211 alium
503 1148 610 1210 locum
647 1157 854 1210 transeamus.
914 1148 1031 1210 Narrat
1074 1149 1159 1209 enim
1205 1148 1339 1210 Tacitus

171 1265 253 1348 (hist.
290 1265 318 1324 ll
355 1281 397 1343 34
431 1263 491 1344 sq.)
552 1263 744 1324 Vitellianos
785 1262 923 1325 Caecina
962 1284 999 1324 ac
1035 1263 1174 1325 Valente
1209 1264 1342 1326 ducibus

89 1444 92 1450 ,
171 1381 338 1442 transitum
361 1380 438 1441 Padi
459 1379 500 1440 ab
517 1378 710 1440 Othonianis
735 1378 933 1459 prohibitum
959 1377 1141 1455 simulasse3
1167 1399 1231 1458 qua
1254 1381 1286 1444 in
1310 1401 1343 1442 re

171 1494 348 1580 §chunnos
372 1494 530 1556 aVitellii
554 1494 698 1574 partibus
722 1503 842 1556 stantes
866 1514 940 1555 cum
963 1493 1204 1574 gladiatoribus,
1231 1497 1284 1576 qui
1310 1497 1342 1557 in

172 1610 311 1673 Othonis
334 1611 476 1672 exercitu
493 1619 591 1684 erant,
616 1610 774 1698 proelium
790 1611 885 1671 inisse
901 1629 1021 1690 eosque
1041 1630 1217 1690 superasse.
1252 1610 1344 1691 Quae

170 1727 355 1788 Plutarchus
379 1728 515 1810 (mutata
539 1726 755 1807 aliquantum,
788 1726 875 1806 quod
898 1724 960 1787 hoc
984 1746 1113 1806 quoque
1137 1725 1210 1788 loco
1234 1747 1339 1789 errore

170 1851 283 1924 captus
305 1843 430 1904 videtur
453 1841 533 1924 esse)
557 1841 653 1903 refert
676 1841 715 1904 O.
746 1858 793 1903 10.
835 1841 952 1903 Postea
975 1843 1072 1922 igitur
1096 1841 1227 1904 Tacitus
1251 1842 1335 1926 (hist.

170 1959 198 2019 ll
221 1958 275 2042 43)
298 1959 330 2019 in
354 1958 560 2020 describenda
584 1978 692 2039 pugna
718 1958 920 2020 Bedriacensi
944 1959 1023 2020 haec
1056 1957 1149 2020 dicit:
1184 1960 1336 2021 »accessit

170 2095 279 2136 recens
295 2075 458 2149 auxilium,
484 2074 590 2136 Varus
606 2073 743 2135 Alfenus
766 2093 840 2134 cum
863 2073 1003 2148 Batavis
1030 2073 1099 2134 lusa
1122 2073 1339 2154 gladiatorum

171 2210 282 2264 manu,
319 2209 416 2270 quam
446 2189 579 2252 navibus
603 2197 818 2251 transvectam
842 2189 1012 2269 obpositae
1043 2187 1192 2250 cohortes
1216 2190 1248 2251 in
1271 2191 1343 2271 ipso

171 2306 299 2366 flumine
328 2306 585 2368 trucidaverant“
617 2326 643 2366 e.
674 2325 704 2384 q.
740 2327 763 2366 s.
812 2305 887 2384 Quo
920 2304 993 2364 loco
1018 2304 1167 2365 Tacitum
1198 2343 1241 2350 -—
1264 2326 1340 2368 nam

170 2421 310 2483 Batavos
328 2422 458 2484 eosdem
475 2441 553 2495 esse,
580 2441 661 2502 quos
678 2420 857 2482 Germanos
874 2421 947 2481 loco
964 2440 1059 2501 supra
1083 2432 1340 2484 commemorato

170 2539 323 2612 nominat,
349 2558 405 2619 per
422 2558 456 2599 se
472 2545 608 2618 apparet
624 2573 667 2581 —
684 2537 724 2598 ad
741 2536 803 2610 illa,
829 2556 912 2615 quae
934 2544 1029 2597 antea
1052 2535 1135 2619 (hist.
1161 2537 1189 2596 ll
1214 2553 1257 2615 34
1280 2538 1341 2621 sq.)

170 2653 336 2729 retulerat,
369 2653 504 2714 lectores
535 2673 685 2714 revocare
713 2653 792 2714 satis
824 2653 917 2714 nobis
950 2660 1042 2732 patet
1070 2689 1114 2696 -—
1144 2673 1209 2714 non
1237 2654 1342 2735 patuit

170 2768 348 2830 Plutarcho
404 2768 467 2849 Qui
498 2769 529 2829 in
560 2769 736 2829 enarranda
759 2769 813 2829 illa
837 2788 945 2849 pugna
968 2767 1019 2852 (O.
1050 2768 1100 2851 12)
1124 2769 1203 2830 haec
1227 2769 1336 2832 refert:

170 2923 234 2960 ‚‚-
270 2881 419 2970 ἐπήγαγεν
456 2880 578 2966 Οὔαρος
612 2880 768 2970 Ἀλφῆνος
808 2885 877 2952 τοὺς
925 2884 1133 2966 καλουμένους
1166 2881 1338 2968 Βατάβους.
1369 2923 1372 2929 -

171 2999 238 3064 Εἰσὶ
261 3001 294 3062 δέ
311 2999 474 3084 Γερμανῶν
492 2997 591 3068 ἱππεῖς
615 2998 740 3082 άριστοι,
764 3011 853 3087 νῆσον
885 2997 1037 3068 οἰκοῦντες
1064 2995 1121 3062 ὑπὸ
1151 3009 1201 3062 του
1231 2997 1339 3087 Ῥήνου

171 3113 414 3202 περιῤῥεομένην.
462 3113 594 3188 Τουτους
618 3113 712 3196 ὀλίγοι
736 3118 789 3199 μέν
814 3126 870 3178 τῶν
896 3119 1079 3198 μονομάχων
1104 3111 1285 3201 ὑπέστησαν,
1311 3115 1341 3179 οἱ

171 3233 204 3295 δὲ
232 3234 366 3297 πλεῖστοι
391 3235 551 3319 μευγοντες
585 3229 633 3294 ἐπὶ
664 3235 711 3294 τὸν
746 3233 879 3315 ποταμὸν
912 3227 1104 3314 ἐμπίπτουσιν
1137 3227 1180 3299 εἰς
1211 3235 1339 3314 σπείρας

170 3360 226 3412 τῶν
243 3350 395 3433 πολεμίων
413 3345 522 3411 αὐτόθι
534 3352 732 3431 τεταγμένας,
758 3342 806 3433 rip*
824 3344 863 3408 ὧν
886 3343 1069 3429 ἀμυνόμενοι
1085 3349 1197 3419 πάντες
1214 3343 1339 3431 ὁμαλῶς

170 3465 415 3552 διεφθάρησανπ
462 3464 536 3546 Quo
568 3485 609 3525 cx
633 3463 706 3524 loco
730 3462 925 3542 intellegitur
938 3460 977 3545 Μ)
1006 3461 1210 3524 Plutarchum
1234 3463 1339 3526 verbis

170 3580 275 3642 allatis
299 3580 404 3641 Taciti
432 3589 487 3640 aut
517 3579 613 3641 lontis
637 3580 816 3640 communis
840 3598 941 3652 usum,
967 3578 1082 3659 quibus
1106 3580 1147 3640 ad
1171 3599 1224 3653 ea,
1258 3599 1340 3659 quae

170 3705 244 3756 ante
278 3715 421 3777 pugnam
456 3694 541 3757 facta
576 3703 608 3756 et
641 3695 799 3756 aTacito
830 3703 861 3756 et
896 3695 938 3756 ab
973 3696 1044 3775 ipso
1073 3695 1244 3757 Plutarcho
1271 3695 1340 3776 jam

170 3813 256 3893 prius
279 3811 379 3873 relata
423 3820 513 3873 erant
550 3811 593 3894 (ll.
624 3810 655 3872 ll.
682 3810 758 3871 Tac.
790 3810 863 3872 hist.
893 3812 921 3871 ll
953 3827 995 3889 34
1018 3831 1065 3892 sq.
1099 3810 1179 3872 Plut.
1207 3810 1246 3873 Ο.
1277 3811 1336 3894 10),

169 3927 271 3989 lector
306 3937 489 4002 revocatur,
532 3947 651 3988 novum
689 3926 852 4007 quoddam
888 3947 945 3988 sua
985 3935 1101 4007 sponte
1136 3927 1340 4008 excogitasse

248 4103 280 4172 ⁴⁷)
301 4122 364 4170 quae
392 4107 493 4166 omnia,
523 4116 549 4155 ut
576 4107 627 4170 jam
653 4122 725 4170 supra
744 4106 865 4165 diximus,
895 4105 942 4154 nisi
960 4106 992 4166 ud
1011 4105 1120 4154 Galbam
1139 4107 1346 4170 imperatorema

170 4206 256 4256 Denso
274 4212 411 4268 protectum
431 4205 574 4267 reseruntur,
596 4205 721 4253 intellectu
740 4181 832 4252 carent.

243 4299 275 4368 48)
296 4303 329 4351 cf.
351 4303 443 4353 Clason
466 4303 483 4350 l.
508 4304 525 4351 l.
562 4320 587 4367 p.
608 4305 640 4366 63
668 4319 726 4351 ann.
750 4315 771 4350 1.
791 4304 931 4351 Mommsen
955 4304 973 4350 l.
1000 4303 1017 4351 l.
1046 4318 1071 4366 p.
1093 4303 1152 4364 306.
1172 4303 1261 4350 Nissen
1289 4303 1306 4351 l.
1327 4303 1344 4351 l.

169 4419 195 4464 p·
216 4412 276 4464 505·
