3218 5058
265 429 309 494 30

265 627 296 688 in
327 627 444 689 talibus
472 627 566 690 rebus
596 635 629 689 et
661 627 754 689 dictis
786 625 973 703 referendis,
1015 649 1097 709 quae
1127 628 1248 710 aliquid
1285 629 1437 692 novitatis

264 742 434 817 haberent,
464 743 570 804 studia
604 742 771 804 hominum
805 745 994 818 excitarent,
1033 745 1209 806 curiositati
1239 745 1435 820 inservirent,

185 907 191 922 .
264 859 372 939 qualia
403 858 575 921 multitudo
599 866 695 922 amat.
744 859 792 920 Ita
822 858 889 933 illa,
922 879 1005 939 quae
1028 860 1069 920 ad
1094 869 1232 922 mortem
1256 859 1380 924 Galbae
1403 871 1435 923 et

265 973 405 1037 Othonis
428 975 606 1056 pertinent,
641 973 808 1054 probabile
838 983 887 1036 est
917 975 997 1036 actis
1025 976 1144 1038 diurnis
1172 976 1267 1038 latius
1290 986 1436 1039 enarrata

264 1100 296 1152 et
318 1090 450 1171 vulgata
473 1091 571 1151 etiam
595 1090 626 1150 in
650 1088 749 1150 libros
779 1089 984 1170 scriptorum,
1015 1093 1068 1171 qui
1097 1092 1127 1152 in
1157 1091 1206 1154 his
1233 1093 1328 1154 rebus
1358 1094 1436 1153 mire

241 1207 484 1280 ‘consentiunt,
535 1205 720 1266 transisse«
797 1203 904 1284 Quam
946 1207 1138 1268 sententiam
1184 1207 1292 1270 Hirzel
1336 1207 1436 1269 firmis

263 1322 459 1403 argumentis
483 1341 547 1382 non
571 1319 738 1402 probavit3
773 1341 848 1382 nam
888 1341 906 1382 e
938 1320 1017 1383 loeis
1057 1323 1098 1385 ab
1133 1343 1171 1384 eo
1208 1323 1314 1386 allatis
1331 1325 1433 1408 ·(Tac.

263 1458 334 1501 ann.
367 1437 447 1500 XVI
480 1453 520 1498 22
553 1444 585 1498 et
616 1436 694 1499 Plin.
727 1458 777 1518 ep.
807 1437 869 1498 Vll
900 1436 953 1518 33)
988 1446 1021 1498 et
1050 1439 1137 1513 inde,
1167 1439 1298 1520 quoda
1322 1437 1434 1501 Cassio

263 1556 368 1617 Dione
384 1573 514 1636 quoque
529 1559 602 1614 acta
618 1552 729 1614 diurna
745 1572 974 1634 nonnunquam
998 1554 1210 1628 nominantur,
1236 1554 1313 1616 nihil
1337 1555 1432 1631 aliud,

263 1668 289 1730 si
313 1669 390 1750 quid
413 1669 526 1743 video,
552 1668 769 1749 colligendum
793 1676 860 1742 est,
894 1687 992 1748 quarn
1016 1669 1166 1732 Tacitum
1190 1669 1252 1732 illis
1275 1671 1434 1733 interdum

262 1805 354 1846 usum
378 1804 457 1859 esse,
482 1783 703 1857 Plutarchum,
729 1783 755 1843 si
778 1782 948 1857 voluisset,
983 1785 1028 1847 uti
1052 1785 1205 1865 potuisse,
1230 1786 1371 1848 Dionem
1395 1807 1432 1848 ea

263 1901 394 1980 cognita
418 1899 576 1961 habuisse.
624 1899 728 1959 Immo
759 1896 910 1960 facillime
940 1899 994 1960 illa
1024 1900 1135 1981 opinio
1166 1899 1295 1963 refutari
1324 1910 1434 1982 potest

262 2017 358 2097 idque
379 2016 446 2096 jam
469 2015 682 2076 Wiedemann
712 2014 744 2097 (l.
769 2014 789 2075 l.
815 2034 846 2095 p.
871 2015 926 2096 46)
950 2025 982 2077 et
1005 2016 1099 2077 Peter
1123 2016 1154 2100 (l.
1180 2016 1200 2078 l.
1225 2038 1280 2099 pp.
1305 2033 1347 2094 42
1373 2016 1433 2100 sq.)

262 2131 412 2194 fecerunt.
461 2130 542 2193 Cum
571 2131 656 2192 enim
686 2138 759 2192 acta
783 2130 911 2204 diurna,
948 2131 1134 2213 inquibus,
1168 2142 1203 2195 ut
1234 2141 1321 2195 recte
1354 2133 1432 2195 dicit

264 2247 489 2322 Wiedemann,
527 2245 689 2328 »volgaria
720 2246 897 2327 publicata,
935 2249 1175 2330 unumquidque
1198 2249 1336 2310 mixtum
1360 2269 1433 2310 cum

215 2399 217 2402 -
261 2383 465 2444 unoquoque,
491 2382 541 2424 res
559 2361 672 2424 diffuse
695 2362 906 2443 perscriptas«
936 2362 1031 2424 fuisse
1055 2365 1136 2425 inter
1160 2384 1272 2426 omnes
1296 2374 1432 2439 constat,

262 2479 450 2560 longissime
473 2478 696 2541 abhorruerint
726 2499 746 2540 a
773 2499 878 2540 rerum
902 2479 1093 2560 scriptorum
1118 2478 1241 2540 ratione
1265 2479 1432 2554 scribendi,

266 2595 410 2676 intellegi
427 2615 493 2657 non
509 2603 628 2676 potest,
654 2595 820 2675 quomodo
844 2615 886 2656 ex
910 2594 966 2656 tali
991 2594 1079 2656 fonte
1102 2593 1234 2656 Tacitus
1258 2604 1291 2656 et
1313 2595 1431 2657 Plutar-

261 2710 340 2773 chus
364 2720 431 2773 tam
455 2732 553 2792 saepe
576 2712 690 2774 eadem
714 2710 876 2791 elegerint.
924 2709 1063 2772 Accedit
1077 2707 1130 2791 ⁶²),
1163 2708 1251 2789 quod
1274 2709 1433 2789 permulta

261 2827 382 2908 pariter
404 2828 502 2889 ambo
533 2826 690 2902 referunt,
724 2846 807 2907 quae
836 2827 867 2886 in
901 2826 981 2886 actis
1011 2824 1130 2886 diurnis
1153 2823 1221 2884 sine
1243 2822 1342 2884 dubio
1365 2841 1431 2882 non

261 2951 360 3014 erant,
385 2952 421 3005 ut
443 2943 701 3006 contendendum
725 2940 818 3003 nobis
841 2948 935 3014 esset,
961 2940 987 3000 si
1011 2938 1141 3000 Hirzelii
1165 2937 1432 3018 amplecteremur

261 3059 456 3140 opinionem,
481 3059 561 3122 haec
577 3067 674 3140 atque
694 3057 771 3119 talia
794 3077 836 3118 ex
860 3055 962 3117 altero
986 3054 1128 3134 quodam
1152 3053 1316 3115 communi
1340 3051 1432 3114 fonte

261 3175 410 3237 Tacitum
434 3183 466 3237 et
489 3174 694 3236 Plutarchum
717 3172 870 3234 hausisse.
921 3169 1064 3231 Tantum
1087 3179 1197 3232 autem
1220 3168 1307 3231 casui
1332 3188 1428 3230 nemo

261 3291 399 3354 tribuere
422 3290 562 3353 audebit.
609 3288 721 3368 Atque
744 3287 876 3348 omnino
900 3285 1105 3347 Plutarchum
1135 3305 1175 3347 ne
1199 3293 1326 3366 praeter
1348 3285 1429 3347 alios

262 3408 393 3487 quidem
429 3406 534 3468 fontes
561 3413 634 3466 acta
666 3402 777 3463 diurna
807 3401 990 3464 adhibuisse
1013 3402 1185 3464 verisimile
1208 3409 1265 3463 est.
1313 3401 1426 3482 Neque

259 3523 344 3584 enim
361 3521 387 3584 is
403 3531 480 3596 erat,
506 3521 559 3601 qui
576 3519 658 3582 hanc
674 3518 778 3580 solam
795 3519 838 3580 ob
854 3538 1010 3592 caussam,
1036 3527 1071 3580 ut
1087 3538 1136 3580 res
1160 3537 1258 3598 quam
1282 3517 1424 3578 maxime

259 3639 300 3700 ad
313 3639 491 3700 veritatem
515 3635 743 3698 accomodatas
767 3643 945 3709 enarraret,
981 3653 1093 3696 omnes
1123 3632 1290 3696 adhiberet
1313 3631 1428 3704 fontes

261 3753 376 3834 quibus
399 3754 444 3814 uti
461 3753 489 3815 ei
507 3751 640 3828 licebat;
666 3751 723 3813 sed
746 3751 793 3826 iis,
819 3752 943 3832 opinor,
969 3758 1140 3812 contentus
1163 3756 1241 3822 erat,
1267 3748 1321 3828 qui
1345 3747 1428 3808 simi-

258 3869 330 3930 liter
353 3878 450 3948 atque
481 3869 551 3950 ipse
574 3867 716 3941 solebat,
746 3887 794 3929 res
822 3876 931 3946 gestas
955 3864 1142 3928 referebant.
1189 3863 1296 3926 Aliter
1319 3871 1428 3924 autem

255 3984 463 4066 judicandum
487 4005 557 4046 esse
579 3985 621 4046 de
632 3983 748 4046 Tacito
772 3991 886 4063 postea
909 3981 1211 4044 demonstrabimus.
1225 4017 1270 4025 -—

347 4100 391 4163 Et
407 4100 561 4182 quoniam
575 4100 643 4182 jam
659 4098 737 4160 satis
760 4117 917 4180 apparere
940 4105 1020 4178 puto
1044 4115 1228 4177 perversam
1253 4115 1324 4157 esse
1347 4093 1431 4155 hanc

257 4217 460 4291 sententiam,
485 4235 569 4278 nunc
592 4215 774 4288 videamus,
807 4233 884 4274 num
908 4212 1000 4275 aliter
1022 4213 1063 4275 de
1087 4232 1125 4274 ea
1146 4211 1354 4294 judicandum
1378 4209 1428 4282 sit,

257 4353 355 4414 quam
389 4333 602 4395 Wiedemann
632 4330 652 4392 l.
685 4330 704 4392 l.
737 4329 879 4411 protulit.
928 4328 990 4409 Qui
1021 4328 1106 4390 hunc
1139 4326 1203 4390 fere
1233 4327 1265 4388 in
1296 4325 1429 4387 modum

330 4472 363 4544 ⁶²)
383 4475 416 4527 cf.
435 4477 505 4525 Peter
524 4475 540 4525 l.
559 4473 576 4524 l.
596 4489 620 4538 p.
640 4485 682 4535 43.
