3218 5058
1319 402 1336 465 'l

167 595 266 658 hensa
289 603 386 676 atque
416 595 587 678 conjuncta
620 604 710 672 sunt,
742 596 829 679 apud
857 598 994 660 alterum
1017 596 1235 679 compluribus
1259 598 1343 660 locis

169 712 324 792 dissipata
340 713 480 794 reperiri.
517 712 624 793 Quam
641 713 755 775 iurem
779 714 805 774 si
830 713 900 794 quis
924 713 1108 794 diligentius
1131 713 1336 795 inquisiverit,

167 828 333 908 intelleget
356 828 614 910 pluresexstare
638 828 736 902 locos,
762 829 877 910 quibus
900 850 947 902 ea,
973 849 1055 909 quae
1079 830 1166 910 apud
1189 829 1338 892 Tacitum

167 944 322 1024 dissipata
344 953 432 1020 sunt,
464 943 651 1007 Plutarchus
681 944 857 1025 conjunxit,
883 965 981 1026 quam
1004 945 1125 1027 quibus*
1143 946 1338 1007 contrarium

167 1057 332 1142 accidatll.
359 1060 459 1124 Velut
482 1080 525 1122 ex
547 1061 594 1135 iis,
619 1081 702 1142 quae
726 1061 913 1124 Plutarchus
936 1061 974 1124 G.
992 1063 1029 1123 18
1046 1063 1087 1122 in.
1102 1061 1208 1136 tradit,
1235 1061 1333 1122 verba

168 1171 346 1258 ,Καθάπερ
370 1174 459 1240 ἄλλοι
483 1181 658 1257 remulce&
683 1177 769 1258 apud
792 1176 941 1239 Tacitum
965 1177 1038 1240 hist.
1062 1179 1132 1256 145
1159 1178 1204 1239 ita
1217 1176 1334 1238 inveni·

167 1291 402 1354 untur.»alium
426 1293 578 1356 crederes
594 1301 756 1368 senatum,
782 1293 880 1356 alium
903 1291 1091 1374 populum«,
1117 1293 1346 1356 antecedentia·

166 1427 243 1468 vero
258 1407 418 1484 Plutarchi
434 1409 532 1471 verba
557 1406 672 1484 „ebibe
695 1408 728 1471 δὲ
753 1410 848 1494 βουλὴ
873 1409 1089 1472 συνεκαλεῑτινί
1114 1415 1147 1470 et
1171 1409 1338 1489 sequentia

167 1526 241 1598 „ital
265 1519 414 1607 Καίσαρα
436 1528 491 1587 καὶ
514 1521 666 1607 Σεβαστὸν
691 1522 895 1610 ἀνηγόρευον*ι
919 1545 946 1586 e.
970 1545 1001 1605 q.
1025 1547 1049 1586 s.
1076 1525 1162 1605 apud
1187 1523 1336 1598 Tacitum

166 1638 238 1716 hist.
264 1640 343 1719 147
367 1641 408 1703 in.
434 1641 480 1702 ita
511 1647 640 1703 exstant
674 1649 788 1702 »vocat
811 1649 957 1702 senatum
981 1649 1111 1722 praetor
1134 1640 1272 1702 urbanus
1295 1678 1339 1686 -
1455 1653 1460 1658 '

166 1756 346 1817 decernitur
362 1755 485 1819 Othoni
505 1757 673 1819 tribunicia
690 1764 836 1837 potestas
855 1765 887 1818 et
904 1776 1023 1818 nomen
1036 1755 1195 1836 Augusti«
1213 1777 1239 1817 e.
1261 1777 1291 1836 q.
1312 1777 1336 1817 s

168 1870 259 1951 Quae
282 1879 391 1934 autem
410 1872 542 1934 Tacitus
565 1872 661 1936 refert
684 1872 756 1934 hist.
775 1873 804 1954 ll
828 1888 871 1950 24
889 1870 1050 1956 (Caecina)
1065 1872 1339 1953 ,rpropinquante

167 1986 271 2048 Fabio
284 1987 433 2063 Valente,
450 2009 490 2050 ne
512 2009 608 2051 omne
626 1989 702 2051 belli
721 1990 820 2050 decus
842 1988 916 2051 illuc
935 1988 1135 2061 concederet,
1161 1988 1337 2069 reciperare

166 2103 303 2184 gloriam
326 2104 487 2185 cupidius,
519 2118 628 2186 quam'
648 2105 824 2166 consultius
848 2104 1060 2185 properabat«
1089 2113 1121 2165 et
1145 2103 1217 2166 hist.
1243 2104 1271 2164 ΙΙ
1296 2119 1345 2182 30,

170 2219 307 2300 »(ρτορε
340 2229 494 2284 renovata
534 2219 689 2302 seditio,)
724 2230 891 2300 tamquam
924 2219 1033 2282 fraude
1053 2230 1100 2282 et
1135 2220 1339 2282 cunctatione

166 2334 313 2400 Valentis
332 2335 455 2417 proelio
471 2336 676 2410 defuissent«,
703 2356 766 2398 uno
790 2335 863 2408 loco
886 2335 1119 2418 comprehensa
1142 2336 1339 2417 reperiuntur

166 2451 251 2531 apud
270 2450 475 2516 Plutarchum
499 2451 539 2514 O.
565 2453 585 2514 6
610 2461 690 2514 extr.
716 2449 849 2536 (Φάβιος
872 2449 1009 2538 Οὐάλης)
1034 2448 1154 2527 ‚stura
1178 2451 1229 2514 διὰ
1252 2460 1344 2518 τοῦτο,

125 2593 131 2604 ·
168 2566 305 2648 βραδέως
334 2563 446 2630 ὁδεΰων
475 2563 638 2655 ὑστερῆσαι
665 2579 720 2655 της
749 2572 897 2651 προτέρας
921 2572 1036 2653 μάχης.
1082 2563 1120 2630 Οἱ
1143 2567 1176 2630 δὲ
1200 2570 1249 2630 τὸν
1273 2564 1339 2629 Κε-

166 2685 252 2745 κίναν
277 2679 429 2750 αἰτιῶνται
459 2683 626 2752 σπεὺδοντα
654 2687 706 2769 την
731 2684 816 2770 νίκην
840 2671 948 2747 ἑαυτοῦ
973 2685 1133 2764 γενέσθαι,
1164 2686 1232 2766 πρὶν
1257 2679 1338 2746 ἐκεῖ·

166 2818 216 2860 νον
252 2795 374 2875 ἐλθεῖν,
410 2797 518 2871 ἄλλοις
552 2823 583 2864 τε
619 2805 808 2884 μικροτέροις
842 2809 1012 2883 περιπεσεῖν
1049 2797 1248 2885 ἁμαρτήμασι
1283 2803 1337 2862 καὶ

166 2917 269 3000 μάχην
301 2911 336 2978 οὐ
366 2917 446 2979 κατὰ
475 2918 581 2999 καιρὸν
614 2911 684 2978 οὐδὲ
713 2919 859 2996 γενναίως
890 2919 1021 3001 συνάψαι
1045 2923 1152 2999 μικροῦ
1178 2917 1277 2977 πάντα
1300 2917 1338 2978 τὰ

167 3030 575 3118 πράγματα’διαρθείρασαν
593 3028 729 3103 obrute&
765 3031 895 3106 Contra,
914 3051 997 3112 quae
1016 3031 1187 3111 conjuncta
1206 3031 1338 3092 Tacitus

166 3145 274 3208 hist.l
300 3161 338 3226 72
364 3147 405 3236 de
428 3148 504 3208 odio
527 3168 566 3209 ac
589 3156 693 3210 morte
717 3147 867 3228 Tigellini
891 3148 997 3221 tradit,
1023 3147 1108 3228 apud
1132 3145 1338 3216 Plutarchum

166 3263 310 3343 dispersa
340 3263 518 3324 invenimus
548 3262 587 3325 G.
618 3277 654 3342 17
686 3264 727 3326 in.
753 3272 786 3326 et
809 3271 889 3324 extr.
915 3272 948 3325 et
972 3261 1011 3324 O.
1038 3279 1067 3324 2.
1101 3299 1145 3308 -
1165 3261 1237 3343 Jum
1260 3282 1337 3323 vero

167 3377 264 3438 finem
297 3377 451 3441 iaciamus
486 3380 518 3440 in
553 3379 785 3442 consideranda
814 3399 988 3442 consensus
1012 3379 1094 3440 inter
1124 3378 1273 3440 Tacitum
1305 3387 1338 3438 et

165 3493 370 3556 Plutarchum
401 3495 541 3569 ratione,
573 3515 646 3557 narn
671 3496 763 3556 iniis
787 3516 916 3576 quoque
939 3494 1226 3576 disputationibus,
1257 3513 1337 3575 quas

167 3630 263 3690 supra
276 3609 412 3685 laudavi,
438 3611 515 3672 satis
529 3610 630 3675 multa
642 3610 681 3673 de
693 3611 754 3672 hac
771 3631 805 3672 re
828 3611 914 3672 dicta
937 3608 1061 3694 sunt¹⁰),
1087 3631 1169 3692 quae
1193 3618 1337 3691 repetere

171 3723 305 3806 longum
331 3734 388 3788 est.

244 3840 368 3921 Quibus
392 3842 485 3904 rebus
508 3843 666 3923 expositis
689 3843 906 3923 quaerendum
930 3843 1069 3918 videtur,
1102 3863 1167 3923 quo
1191 3850 1337 3924 tempore

166 3957 271 4019 Taciti
299 3957 504 4020 historiarum
533 3958 604 4020 libri
636 3959 706 4020 let
729 3959 758 4022 II
788 3968 820 4020 et
843 3958 1003 4021 Plutarchi
1036 3959 1121 4021 vitae
1152 3956 1275 4020 Galbae
1306 3967 1337 4019 et

237 4133 258 4202 ⁹)
279 4136 341 4185 Loci
353 4137 401 4184 huc
414 4144 552 4200 spectantes
564 4137 627 4186 inter
639 4138 695 4186 illos
708 4137 867 4201 reperiuntur,
889 4153 951 4201 quos
965 4105 1057 4199 Clason
1067 4153 1110 4201 pp.
1124 4147 1211 4200 ¹7—11
1227 4137 1336 4200 collegit.

233 4231 264 4298 ¹⁰)
284 4234 318 4284 ci.
339 4241 397 4284 ante
415 4235 509 4296 omnia,
530 4252 594 4299 quae
607 4236 656 4284 Th.
671 4237 836 4284 Wiedemann
858 4236 904 4287 »de
923 4235 1021 4296 Tacito,
1043 4235 1171 4294 Suetonio,
1192 4235 1334 4295 Plutarcho,

167 4333 254 4383 Cassio
272 4333 369 4394 Dione,
389 4333 547 4397 scriptoribus
566 4334 741 4397 imperatorum
761 4334 859 4383 Galbae
877 4341 901 4382 et
919 4333 1041 4382 Othonis«
1062 4349 1106 4397 pp.
1128 4335 1216 4382 6—10
1234 4333 1336 4382 disserit.
