<?xml version="1.0" encoding="UTF-8"?>
<!DOCTYPE html PUBLIC "-//W3C//DTD XHTML 1.0 Transitional//EN"
    "http://www.w3.org/TR/xhtml1/DTD/xhtml1-transitional.dtd">
<html xmlns="http://www.w3.org/1999/xhtml" xml:lang="en" lang="en">
 <head>
  <title>
</title>
<meta http-equiv="Content-Type" content="text/html;charset=utf-8" />
  <meta name='ocr-system' content='tesseract 3.04.00' />
  <meta name='ocr-capabilities' content='ocr_page ocr_carea ocr_par ocr_line ocrx_word'/>
</head>
<body>
  <div class='ocr_page' id='page_1' title='image "./detacitoplutarc00langgoog_0007.png"; bbox 0 0 3218 5058; ppageno 0'>
   <div class='ocr_carea' id='block_1_1' title="bbox 203 1535 1370 1733">
    <p class='ocr_par' dir='ltr' id='par_1_1' title="bbox 203 1535 1370 1733">
     <span class='ocr_line' id='line_1_1' title="bbox 291 1535 1369 1619; baseline 0.001 -20"><span class='ocrx_word' id='word_1_1' title='bbox 291 1535 378 1600; x_wconf 85' lang='lat' dir='ltr'>Satis</span> <span class='ocrx_word' id='word_1_2' title='bbox 409 1547 522 1599; x_wconf 92' lang='lat' dir='ltr'>notum</span> <span class='ocrx_word' id='word_1_3' title='bbox 557 1546 606 1599; x_wconf 91' lang='lat' dir='ltr'>est</span> <span class='ocrx_word' id='word_1_4' title='bbox 630 1535 794 1610; x_wconf 88' lang='lat' dir='ltr'>Tacitum,</span> <span class='ocrx_word' id='word_1_5' title='bbox 829 1537 879 1598; x_wconf 94' lang='lat' dir='ltr'>cui</span> <span class='ocrx_word' id='word_1_6' title='bbox 903 1537 1008 1617; x_wconf 91' lang='lat' dir='ltr'>priore</span> <span class='ocrx_word' id='word_1_7' title='bbox 1039 1545 1185 1618; x_wconf 91' lang='lat' dir='ltr'>tempore</span> <span class='ocrx_word' id='word_1_8' title='bbox 1217 1559 1369 1619; x_wconf 81' lang='lat' dir='ltr'>magnam</span> 
     </span>
     <span class='ocr_line' id='line_1_2' title="bbox 203 1653 1370 1733; baseline 0.001 -19"><span class='ocrx_word' id='word_1_9' title='bbox 203 1673 316 1714; x_wconf 89' lang='lat' dir='ltr'>omnes</span> <span class='ocrx_word' id='word_1_10' title='bbox 350 1653 512 1715; x_wconf 90' lang='lat' dir='ltr'>habebant</span> <span class='ocrx_word' id='word_1_11' title='bbox 543 1653 640 1715; x_wconf 85' lang='lat' dir='ltr'>fidem</span> <span class='ocrx_word' id='word_1_12' title='bbox 674 1653 828 1733; x_wconf 90' lang='lat' dir='ltr'>cujusque</span> <span class='ocrx_word' id='word_1_13' title='bbox 860 1672 978 1714; x_wconf 91' lang='lat' dir='ltr'>nomen</span> <span class='ocrx_word' id='word_1_14' title='bbox 1013 1673 1139 1714; x_wconf 89' lang='lat' dir='ltr'>summa</span> <span class='ocrx_word' id='word_1_15' title='bbox 1179 1655 1370 1716; x_wconf 90' lang='lat' dir='ltr'>verecundia</span> 
     </span>
    </p>
   </div>
   <div class='ocr_carea' id='block_1_2' title="bbox 98 1769 1368 1849">
    <p class='ocr_par' dir='ltr' id='par_1_2' title="bbox 98 1769 1368 1849">
     <span class='ocr_line' id='line_1_3' title="bbox 98 1769 1368 1849; baseline 0.001 -19"><span class='ocrx_word' id='word_1_16' title='bbox 98 1823 109 1846; x_wconf 75' lang='grc'><em>,</em></span> <span class='ocrx_word' id='word_1_17' title='bbox 202 1770 368 1831; x_wconf 91' lang='lat' dir='ltr'>nominare</span> <span class='ocrx_word' id='word_1_18' title='bbox 391 1769 548 1844; x_wconf 90' lang='lat' dir='ltr'>solebant,</span> <span class='ocrx_word' id='word_1_19' title='bbox 573 1769 762 1849; x_wconf 86' lang='lat' dir='ltr'>gravissime</span> <span class='ocrx_word' id='word_1_20' title='bbox 785 1778 818 1829; x_wconf 94' lang='lat' dir='ltr'>et</span> <span class='ocrx_word' id='word_1_21' title='bbox 841 1788 941 1849; x_wconf 86' lang='lat' dir='ltr'>nuper</span> <span class='ocrx_word' id='word_1_22' title='bbox 964 1777 1150 1830; x_wconf 89' lang='lat' dir='ltr'>accusatum</span> <span class='ocrx_word' id='word_1_23' title='bbox 1163 1789 1237 1830; x_wconf 87' lang='lat' dir='ltr'>esse</span> <span class='ocrx_word' id='word_1_24' title='bbox 1260 1779 1292 1831; x_wconf 90' lang='lat' dir='ltr'>et</span> <span class='ocrx_word' id='word_1_25' title='bbox 1316 1771 1368 1830; x_wconf 89' lang='lat' dir='ltr'>ad-</span> 
     </span>
    </p>
   </div>
   <div class='ocr_carea' id='block_1_3' title="bbox 202 1881 1372 2197">
    <p class='ocr_par' dir='ltr' id='par_1_3' title="bbox 202 1881 1372 2197">
     <span class='ocr_line' id='line_1_4' title="bbox 202 1881 1371 1963; baseline -0.003 -16"><span class='ocrx_word' id='word_1_26' title='bbox 202 1885 264 1947; x_wconf 95' lang='lat' dir='ltr'>huc</span> <span class='ocrx_word' id='word_1_27' title='bbox 288 1882 438 1946; x_wconf 90' lang='lat' dir='ltr'>accusari.</span> <span class='ocrx_word' id='word_1_28' title='bbox 486 1883 522 1943; x_wconf 93' lang='lat' dir='ltr'>In</span> <span class='ocrx_word' id='word_1_29' title='bbox 546 1881 665 1942; x_wconf 91' lang='lat' dir='ltr'>Tiberii</span> <span class='ocrx_word' id='word_1_30' title='bbox 697 1882 782 1942; x_wconf 91' lang='lat' dir='ltr'>enim</span> <span class='ocrx_word' id='word_1_31' title='bbox 813 1881 955 1943; x_wconf 91' lang='lat' dir='ltr'>moribus</span> <span class='ocrx_word' id='word_1_32' title='bbox 979 1882 1195 1943; x_wconf 91' lang='lat' dir='ltr'>describendis</span> <span class='ocrx_word' id='word_1_33' title='bbox 1218 1883 1371 1963; x_wconf 86' lang='lat' dir='ltr'>injustum</span> 
     </span>
     <span class='ocr_line' id='line_1_5' title="bbox 202 1995 1371 2082; baseline -0.006 -19"><span class='ocrx_word' id='word_1_34' title='bbox 202 2010 300 2082; x_wconf 91' lang='lat' dir='ltr'>atque</span> <span class='ocrx_word' id='word_1_35' title='bbox 342 1997 534 2060; x_wconf 90' lang='lat' dir='ltr'>invidiosum</span> <span class='ocrx_word' id='word_1_36' title='bbox 573 2015 607 2056; x_wconf 92' lang='lat' dir='ltr'>se</span> <span class='ocrx_word' id='word_1_37' title='bbox 648 1995 833 2075; x_wconf 82' lang='lat' dir='ltr'>praebuisse</span> <span class='ocrx_word' id='word_1_38' title='bbox 874 1995 1022 2076; x_wconf 88' lang='lat' dir='ltr'>illiusque</span> <span class='ocrx_word' id='word_1_39' title='bbox 1067 1996 1242 2076; x_wconf 85' lang='lat' dir='ltr'>imaginem</span> <span class='ocrx_word' id='word_1_40' title='bbox 1275 1997 1371 2077; x_wconf 90' lang='lat' dir='ltr'>plane</span> 
     </span>
     <span class='ocr_line' id='line_1_6' title="bbox 203 2109 1372 2197; baseline -0.003 -20"><span class='ocrx_word' id='word_1_41' title='bbox 203 2135 387 2197; x_wconf 87' lang='lat' dir='ltr'>perversam</span> <span class='ocrx_word' id='word_1_42' title='bbox 419 2112 603 2192; x_wconf 87' lang='lat' dir='ltr'>depinxisse</span> <span class='ocrx_word' id='word_1_43' title='bbox 637 2109 722 2172; x_wconf 87' lang='lat' dir='ltr'>haud</span> <span class='ocrx_word' id='word_1_44' title='bbox 746 2112 839 2191; x_wconf 90' lang='lat' dir='ltr'>pauci</span> <span class='ocrx_word' id='word_1_45' title='bbox 863 2131 936 2172; x_wconf 91' lang='lat' dir='ltr'>eum</span> <span class='ocrx_word' id='word_1_46' title='bbox 959 2120 1105 2190; x_wconf 87' lang='lat' dir='ltr'>arguunt.</span> <span class='ocrx_word' id='word_1_47' title='bbox 1153 2111 1196 2172; x_wconf 86' lang='lat' dir='ltr'>Et</span> <span class='ocrx_word' id='word_1_48' title='bbox 1223 2113 1372 2174; x_wconf 83' lang='lat' dir='ltr'>historias</span> 
     </span>
    </p>
   </div>
   <div class='ocr_carea' id='block_1_4' title="bbox 203 2213 1521 2314">
    <p class='ocr_par' dir='ltr' id='par_1_4' title="bbox 203 2213 1521 2314">
     <span class='ocr_line' id='line_1_7' title="bbox 203 2213 1521 2314; baseline -0.006 -21"><span class='ocrx_word' id='word_1_49' title='bbox 203 2251 348 2314; x_wconf 90' lang='lat' dir='ltr'>quoque,</span> <span class='ocrx_word' id='word_1_50' title='bbox 382 2238 417 2290; x_wconf 93' lang='lat' dir='ltr'>ut</span> <span class='ocrx_word' id='word_1_51' title='bbox 440 2237 547 2303; x_wconf 84' lang='lat' dir='ltr'>cetera</span> <span class='ocrx_word' id='word_1_52' title='bbox 570 2226 638 2307; x_wconf 88' lang='lat' dir='ltr'>ejus</span> <span class='ocrx_word' id='word_1_53' title='bbox 662 2247 760 2307; x_wconf 89' lang='lat' dir='ltr'>opera</span> <span class='ocrx_word' id='word_1_54' title='bbox 784 2227 949 2300; x_wconf 91' lang='lat' dir='ltr'>omittam,</span> <span class='ocrx_word' id='word_1_55' title='bbox 976 2227 1068 2288; x_wconf 92' lang='lat' dir='ltr'>multi</span> <span class='ocrx_word' id='word_1_56' title='bbox 1092 2226 1149 2288; x_wconf 89' lang='lat' dir='ltr'>viri</span> <span class='ocrx_word' id='word_1_57' title='bbox 1174 2227 1261 2288; x_wconf 93' lang='lat' dir='ltr'>docti</span> <span class='ocrx_word' id='word_1_58' title='bbox 1273 2227 1294 2310; x_wconf 89' lang='lat'>¹)</span> <span class='ocrx_word' id='word_1_59' title='bbox 1318 2249 1371 2308; x_wconf 86' lang='lat' dir='ltr'>ag·</span> <span class='ocrx_word' id='word_1_60' title='bbox 1519 2213 1521 2218; x_wconf 29' lang='lat'><strong>¹</strong></span> 
     </span>
    </p>
   </div>
   <div class='ocr_carea' id='block_1_5' title="bbox 203 2341 1408 3235">
    <p class='ocr_par' dir='ltr' id='par_1_5' title="bbox 203 2341 1408 3235">
     <span class='ocr_line' id='line_1_8' title="bbox 203 2341 1368 2428; baseline -0.003 -19"><span class='ocrx_word' id='word_1_61' title='bbox 203 2347 396 2428; x_wconf 86' lang='lat' dir='ltr'>grediuntur.</span> <span class='ocrx_word' id='word_1_62' title='bbox 444 2342 500 2404; x_wconf 88' lang='lat' dir='ltr'>Ab</span> <span class='ocrx_word' id='word_1_63' title='bbox 523 2341 585 2404; x_wconf 92' lang='lat' dir='ltr'>illis</span> <span class='ocrx_word' id='word_1_64' title='bbox 609 2343 694 2404; x_wconf 90' lang='lat' dir='ltr'>enim</span> <span class='ocrx_word' id='word_1_65' title='bbox 718 2351 854 2422; x_wconf 85' lang='lat' dir='ltr'>negatur</span> <span class='ocrx_word' id='word_1_66' title='bbox 877 2341 990 2403; x_wconf 84' lang='lat' dir='ltr'>fecisse</span> <span class='ocrx_word' id='word_1_67' title='bbox 1006 2342 1165 2416; x_wconf 90' lang='lat' dir='ltr'>Tacitum,</span> <span class='ocrx_word' id='word_1_68' title='bbox 1186 2344 1280 2424; x_wconf 77' lang='lat' dir='ltr'>&#39;quod</span> <span class='ocrx_word' id='word_1_69' title='bbox 1296 2364 1368 2406; x_wconf 89' lang='lat' dir='ltr'>ann.</span> 
     </span>
     <span class='ocr_line' id='line_1_9' title="bbox 204 2448 1372 2544; baseline -0.002 -20"><span class='ocrx_word' id='word_1_70' title='bbox 204 2465 226 2524; x_wconf 95' lang='grc' dir='ltr'>Ι.</span> <span class='ocrx_word' id='word_1_71' title='bbox 254 2480 265 2524; x_wconf 95' lang='lat'>1</span> <span class='ocrx_word' id='word_1_72' title='bbox 294 2460 455 2544; x_wconf 78' lang='lat' dir='ltr'>promittit</span> <span class='ocrx_word' id='word_1_73' title='bbox 483 2459 551 2520; x_wconf 92' lang='lat' dir='ltr'>sine</span> <span class='ocrx_word' id='word_1_74' title='bbox 574 2459 620 2520; x_wconf 94' lang='lat' dir='ltr'>ira</span> <span class='ocrx_word' id='word_1_75' title='bbox 644 2467 676 2519; x_wconf 93' lang='lat' dir='ltr'>et</span> <span class='ocrx_word' id='word_1_76' title='bbox 700 2459 806 2520; x_wconf 93' lang='lat' dir='ltr'>studio</span> <span class='ocrx_word' id='word_1_77' title='bbox 830 2448 865 2519; x_wconf 88' lang='lat' dir='ltr'>se</span> <span class='ocrx_word' id='word_1_78' title='bbox 881 2458 1082 2538; x_wconf 82' lang='lat' dir='ltr'>scripturum,</span> <span class='ocrx_word' id='word_1_79' title='bbox 1108 2459 1149 2521; x_wconf 95' lang='lat' dir='ltr'>ab</span> <span class='ocrx_word' id='word_1_80' title='bbox 1173 2459 1222 2520; x_wconf 90' lang='lat' dir='ltr'>his</span> <span class='ocrx_word' id='word_1_81' title='bbox 1247 2469 1372 2522; x_wconf 82' lang='lat' dir='ltr'>tantam</span> 
     </span>
     <span class='ocr_line' id='line_1_10' title="bbox 204 2573 1368 2659; baseline -0.003 -19"><span class='ocrx_word' id='word_1_82' title='bbox 204 2578 403 2659; x_wconf 82' lang='lat' dir='ltr'>diligentiam</span> <span class='ocrx_word' id='word_1_83' title='bbox 427 2584 460 2636; x_wconf 94' lang='lat' dir='ltr'>et</span> <span class='ocrx_word' id='word_1_84' title='bbox 489 2594 599 2636; x_wconf 91' lang='lat' dir='ltr'>curam</span> <span class='ocrx_word' id='word_1_85' title='bbox 623 2594 696 2636; x_wconf 92' lang='lat' dir='ltr'>eum</span> <span class='ocrx_word' id='word_1_86' title='bbox 720 2573 912 2648; x_wconf 88' lang='lat' dir='ltr'>adhibuisse,</span> <span class='ocrx_word' id='word_1_87' title='bbox 947 2583 1067 2655; x_wconf 89' lang='lat' dir='ltr'>quanta</span> <span class='ocrx_word' id='word_1_88' title='bbox 1091 2596 1165 2636; x_wconf 92' lang='lat' dir='ltr'>usus</span> <span class='ocrx_word' id='word_1_89' title='bbox 1189 2595 1259 2636; x_wconf 92' lang='lat' dir='ltr'>esse</span> <span class='ocrx_word' id='word_1_90' title='bbox 1282 2584 1368 2636; x_wconf 90' lang='lat' dir='ltr'>ante-</span> 
     </span>
     <span class='ocr_line' id='line_1_11' title="bbox 204 2689 1373 2770; baseline -0.004 -13"><span class='ocrx_word' id='word_1_91' title='bbox 204 2694 265 2757; x_wconf 94' lang='lat' dir='ltr'>hac</span> <span class='ocrx_word' id='word_1_92' title='bbox 287 2693 329 2756; x_wconf 92' lang='lat' dir='ltr'>ab</span> <span class='ocrx_word' id='word_1_93' title='bbox 353 2691 501 2754; x_wconf 90' lang='lat' dir='ltr'>omnibus</span> <span class='ocrx_word' id='word_1_94' title='bbox 525 2689 713 2770; x_wconf 69' lang='lat' dir='ltr'>putabatur,</span> <span class='ocrx_word' id='word_1_95' title='bbox 748 2690 792 2751; x_wconf 95' lang='lat' dir='ltr'>illi</span> <span class='ocrx_word' id='word_1_96' title='bbox 816 2690 1080 2752; x_wconf 82' lang='lat' dir='ltr'>calumniatorem</span> <span class='ocrx_word' id='word_1_97' title='bbox 1109 2710 1182 2752; x_wconf 93' lang='lat' dir='ltr'>eum</span> <span class='ocrx_word' id='word_1_98' title='bbox 1206 2692 1373 2752; x_wconf 91' lang='lat' dir='ltr'>nominare</span> 
     </span>
     <span class='ocr_line' id='line_1_12' title="bbox 204 2805 1373 2888; baseline -0.003 -16"><span class='ocrx_word' id='word_1_99' title='bbox 204 2831 269 2872; x_wconf 94' lang='lat' dir='ltr'>non</span> <span class='ocrx_word' id='word_1_100' title='bbox 292 2817 448 2881; x_wconf 89' lang='lat' dir='ltr'>verentur,</span> <span class='ocrx_word' id='word_1_101' title='bbox 473 2805 506 2868; x_wconf 94' lang='lat' dir='ltr'>hi</span> <span class='ocrx_word' id='word_1_102' title='bbox 530 2807 639 2886; x_wconf 85' lang='lat' dir='ltr'>magni</span> <span class='ocrx_word' id='word_1_103' title='bbox 662 2826 766 2867; x_wconf 88' lang='lat' dir='ltr'>rerum</span> <span class='ocrx_word' id='word_1_104' title='bbox 788 2807 961 2888; x_wconf 89' lang='lat' dir='ltr'>scriptoris,</span> <span class='ocrx_word' id='word_1_105' title='bbox 987 2808 1040 2888; x_wconf 93' lang='lat' dir='ltr'>qui</span> <span class='ocrx_word' id='word_1_106' title='bbox 1064 2807 1225 2868; x_wconf 92' lang='lat' dir='ltr'>neminem</span> <span class='ocrx_word' id='word_1_107' title='bbox 1244 2808 1373 2868; x_wconf 87' lang='lat' dir='ltr'>imitans</span> 
     </span>
     <span class='ocr_line' id='line_1_13' title="bbox 204 2908 1371 3005; baseline -0.004 -17"><span class='ocrx_word' id='word_1_108' title='bbox 204 2908 297 2988; x_wconf 88' lang='lat' dir='ltr'>suum</span> <span class='ocrx_word' id='word_1_109' title='bbox 320 2924 418 3005; x_wconf 90' lang='lat' dir='ltr'>ipsius</span> <span class='ocrx_word' id='word_1_110' title='bbox 437 2923 583 3002; x_wconf 63' lang='lat' dir='ltr'>,sequitur</span> <span class='ocrx_word' id='word_1_111' title='bbox 605 2922 777 3002; x_wconf 86' lang='lat' dir='ltr'>ingenium,</span> <span class='ocrx_word' id='word_1_112' title='bbox 802 2921 939 3002; x_wconf 86' lang='lat' dir='ltr'>gloriam</span> <span class='ocrx_word' id='word_1_113' title='bbox 963 2923 991 2983; x_wconf 92' lang='lat' dir='ltr'>ei</span> <span class='ocrx_word' id='word_1_114' title='bbox 1016 2922 1182 2984; x_wconf 90' lang='lat' dir='ltr'>detrahere</span> <span class='ocrx_word' id='word_1_115' title='bbox 1205 2931 1371 2984; x_wconf 90' lang='lat' dir='ltr'>conantur.</span> 
     </span>
     <span class='ocr_line' id='line_1_14' title="bbox 205 3037 1408 3122; baseline -0.005 -18"><span class='ocrx_word' id='word_1_116' title='bbox 205 3042 317 3122; x_wconf 91' lang='lat' dir='ltr'>Atque</span> <span class='ocrx_word' id='word_1_117' title='bbox 346 3039 397 3101; x_wconf 93' lang='lat' dir='ltr'>hic</span> <span class='ocrx_word' id='word_1_118' title='bbox 427 3039 566 3119; x_wconf 90' lang='lat' dir='ltr'>impetus</span> <span class='ocrx_word' id='word_1_119' title='bbox 590 3038 703 3099; x_wconf 89' lang='lat' dir='ltr'>melius</span> <span class='ocrx_word' id='word_1_120' title='bbox 726 3037 783 3100; x_wconf 89' lang='lat' dir='ltr'>illo</span> <span class='ocrx_word' id='word_1_121' title='bbox 805 3039 930 3100; x_wconf 90' lang='lat' dir='ltr'>videtur</span> <span class='ocrx_word' id='word_1_122' title='bbox 947 3039 1138 3113; x_wconf 87' lang='lat' dir='ltr'>succedere,</span> <span class='ocrx_word' id='word_1_123' title='bbox 1174 3058 1248 3099; x_wconf 94' lang='lat' dir='ltr'>cum</span> <span class='ocrx_word' id='word_1_124' title='bbox 1279 3039 1372 3118; x_wconf 90' lang='lat' dir='ltr'>pauci</span> <span class='ocrx_word' id='word_1_125' title='bbox 1405 3072 1408 3076; x_wconf 59' lang='lat'><strong>&gt;</strong></span> 
     </span>
     <span class='ocr_line' id='line_1_15' title="bbox 206 3153 1372 3235; baseline -0.005 -15"><span class='ocrx_word' id='word_1_126' title='bbox 206 3177 278 3220; x_wconf 91' lang='lat' dir='ltr'>eum</span> <span class='ocrx_word' id='word_1_127' title='bbox 303 3155 453 3219; x_wconf 90' lang='lat' dir='ltr'>aTacito</span> <span class='ocrx_word' id='word_1_128' title='bbox 477 3154 665 3235; x_wconf 91' lang='lat' dir='ltr'>propulsare</span> <span class='ocrx_word' id='word_1_129' title='bbox 688 3155 756 3216; x_wconf 89' lang='lat' dir='ltr'>ausi</span> <span class='ocrx_word' id='word_1_130' title='bbox 771 3154 835 3215; x_wconf 93' lang='lat' dir='ltr'>sint</span> <span class='ocrx_word' id='word_1_131' title='bbox 859 3153 935 3215; x_wconf 91' lang='lat' dir='ltr'>ethi</span> <span class='ocrx_word' id='word_1_132' title='bbox 959 3173 1087 3235; x_wconf 94' lang='lat' dir='ltr'>quoque</span> <span class='ocrx_word' id='word_1_133' title='bbox 1100 3153 1372 3215; x_wconf 82' lang='lat' dir='ltr'>frustralaborem</span> 
     </span>
    </p>
   </div>
   <div class='ocr_carea' id='block_1_6' title="bbox 207 3380 1378 4524">
    <p class='ocr_par' dir='ltr' id='par_1_6' title="bbox 207 3380 1378 4524">
     <span class='ocr_line' id='line_1_16' title="bbox 279 3380 1376 3456; baseline -0.002 -22"><span class='ocrx_word' id='word_1_134' title='bbox 279 3380 298 3450; x_wconf 89' lang='lat'>¹)</span> <span class='ocrx_word' id='word_1_135' title='bbox 320 3385 350 3434; x_wconf 90' lang='lat' dir='ltr'>C.</span> <span class='ocrx_word' id='word_1_136' title='bbox 371 3385 456 3434; x_wconf 91' lang='lat' dir='ltr'>Hirzel</span> <span class='ocrx_word' id='word_1_137' title='bbox 477 3386 651 3456; x_wconf 57' lang='lat' dir='ltr'>„comparatio</span> <span class='ocrx_word' id='word_1_138' title='bbox 670 3401 764 3447; x_wconf 91' lang='lat' dir='ltr'>eorum,</span> <span class='ocrx_word' id='word_1_139' title='bbox 786 3401 849 3450; x_wconf 87' lang='lat' dir='ltr'>quae</span> <span class='ocrx_word' id='word_1_140' title='bbox 868 3387 900 3436; x_wconf 87' lang='lat' dir='ltr'>de</span> <span class='ocrx_word' id='word_1_141' title='bbox 918 3384 1105 3450; x_wconf 83' lang='lat' dir='ltr'>imperatoribus</span> <span class='ocrx_word' id='word_1_142' title='bbox 1124 3386 1207 3434; x_wconf 86' lang='lat' dir='ltr'>Galba</span> <span class='ocrx_word' id='word_1_143' title='bbox 1225 3393 1250 3434; x_wconf 91' lang='lat' dir='ltr'>et</span> <span class='ocrx_word' id='word_1_144' title='bbox 1275 3385 1376 3434; x_wconf 87' lang='lat' dir='ltr'>Othone</span> 
     </span>
     <span class='ocr_line' id='line_1_17' title="bbox 207 3481 1374 3548; baseline 0.002 -20"><span class='ocrx_word' id='word_1_145' title='bbox 207 3481 283 3530; x_wconf 88' lang='lat' dir='ltr'>relata</span> <span class='ocrx_word' id='word_1_146' title='bbox 301 3482 407 3546; x_wconf 87' lang='lat' dir='ltr'>legimus</span> <span class='ocrx_word' id='word_1_147' title='bbox 429 3485 496 3548; x_wconf 85' lang='lat' dir='ltr'>apud</span> <span class='ocrx_word' id='word_1_148' title='bbox 514 3485 638 3544; x_wconf 92' lang='lat' dir='ltr'>Tacitum,</span> <span class='ocrx_word' id='word_1_149' title='bbox 668 3484 837 3544; x_wconf 88' lang='lat' dir='ltr'>Plutarchum,</span> <span class='ocrx_word' id='word_1_150' title='bbox 866 3484 1021 3544; x_wconf 87' lang='lat' dir='ltr'>Suetonium,</span> <span class='ocrx_word' id='word_1_151' title='bbox 1043 3484 1153 3532; x_wconf 89' lang='lat' dir='ltr'>Dionem</span> <span class='ocrx_word' id='word_1_152' title='bbox 1174 3484 1286 3532; x_wconf 88' lang='lat' dir='ltr'>Cassium</span> <span class='ocrx_word' id='word_1_153' title='bbox 1305 3483 1374 3530; x_wconf 91' lang='lat' dir='ltr'>insti·</span> 
     </span>
     <span class='ocr_line' id='line_1_18' title="bbox 207 3580 1375 3644; baseline 0.002 -18"><span class='ocrx_word' id='word_1_154' title='bbox 207 3586 259 3628; x_wconf 91' lang='lat' dir='ltr'>tuta</span> <span class='ocrx_word' id='word_1_155' title='bbox 289 3596 346 3628; x_wconf 92' lang='lat' dir='ltr'>cum</span> <span class='ocrx_word' id='word_1_156' title='bbox 369 3582 401 3629; x_wconf 92' lang='lat' dir='ltr'>ad</span> <span class='ocrx_word' id='word_1_157' title='bbox 420 3581 518 3630; x_wconf 94' lang='lat' dir='ltr'>illorum</span> <span class='ocrx_word' id='word_1_158' title='bbox 555 3582 701 3644; x_wconf 89' lang='lat' dir='ltr'>scriptorum</span> <span class='ocrx_word' id='word_1_159' title='bbox 724 3582 850 3641; x_wconf 92' lang='lat' dir='ltr'>indolem,</span> <span class='ocrx_word' id='word_1_160' title='bbox 871 3589 923 3630; x_wconf 87' lang='lat' dir='ltr'>tum</span> <span class='ocrx_word' id='word_1_161' title='bbox 943 3583 975 3629; x_wconf 89' lang='lat' dir='ltr'>ad</span> <span class='ocrx_word' id='word_1_162' title='bbox 994 3581 1117 3643; x_wconf 84' lang='lat' dir='ltr'>fontium,</span> <span class='ocrx_word' id='word_1_163' title='bbox 1150 3598 1179 3629; x_wconf 87' lang='lat' dir='ltr'>ex</span> <span class='ocrx_word' id='word_1_164' title='bbox 1199 3581 1287 3644; x_wconf 93' lang='lat' dir='ltr'>quibus</span> <span class='ocrx_word' id='word_1_165' title='bbox 1314 3580 1375 3629; x_wconf 91' lang='lat' dir='ltr'>hau-</span> 
     </span>
     <span class='ocr_line' id='line_1_19' title="bbox 207 3677 1376 3743; baseline 0.002 -19"><span class='ocrx_word' id='word_1_166' title='bbox 207 3677 290 3739; x_wconf 82' lang='lat' dir='ltr'>serint,</span> <span class='ocrx_word' id='word_1_167' title='bbox 332 3679 453 3728; x_wconf 89' lang='lat' dir='ltr'>rationem</span> <span class='ocrx_word' id='word_1_168' title='bbox 472 3679 701 3743; x_wconf 77' lang='lat' dir='ltr'>pemoscerrdam“,</span> <span class='ocrx_word' id='word_1_169' title='bbox 731 3679 891 3742; x_wconf 80' lang='lat' dir='ltr'>Stuttgartiae</span> <span class='ocrx_word' id='word_1_170' title='bbox 914 3679 988 3742; x_wconf 84' lang='lat'>1851.</span> <span class='ocrx_word' id='word_1_171' title='bbox 1009 3707 1041 3715; x_wconf 88' lang='lat'><em>-</em></span> <span class='ocrx_word' id='word_1_172' title='bbox 1062 3679 1112 3728; x_wconf 91' lang='lat' dir='ltr'>Th.</span> <span class='ocrx_word' id='word_1_173' title='bbox 1134 3679 1300 3728; x_wconf 91' lang='lat' dir='ltr'>Wiedemann</span> <span class='ocrx_word' id='word_1_174' title='bbox 1323 3679 1376 3739; x_wconf 88' lang='lat' dir='ltr'>„de</span> 
     </span>
     <span class='ocr_line' id='line_1_20' title="bbox 208 3776 1377 3842; baseline 0.002 -20"><span class='ocrx_word' id='word_1_175' title='bbox 208 3776 307 3837; x_wconf 93' lang='lat' dir='ltr'>Tacito,</span> <span class='ocrx_word' id='word_1_176' title='bbox 329 3776 458 3837; x_wconf 88' lang='lat' dir='ltr'>Suetonio,</span> <span class='ocrx_word' id='word_1_177' title='bbox 491 3777 633 3837; x_wconf 85' lang='lat' dir='ltr'>Plutarcho,</span> <span class='ocrx_word' id='word_1_178' title='bbox 666 3777 753 3832; x_wconf 83' lang='lat' dir='ltr'>¹Cassio</span> <span class='ocrx_word' id='word_1_179' title='bbox 784 3777 876 3838; x_wconf 89' lang='lat' dir='ltr'>Dione,</span> <span class='ocrx_word' id='word_1_180' title='bbox 897 3777 1056 3842; x_wconf 87' lang='lat' dir='ltr'>scriptoribus</span> <span class='ocrx_word' id='word_1_181' title='bbox 1083 3777 1260 3842; x_wconf 87' lang='lat' dir='ltr'>imperatorum</span> <span class='ocrx_word' id='word_1_182' title='bbox 1279 3776 1377 3825; x_wconf 83' lang='lat' dir='ltr'>Galbae</span> 
     </span>
     <span class='ocr_line' id='line_1_21' title="bbox 207 3873 1376 3938; baseline 0.001 -17"><span class='ocrx_word' id='word_1_183' title='bbox 207 3881 232 3921; x_wconf 88' lang='lat' dir='ltr'>et</span> <span class='ocrx_word' id='word_1_184' title='bbox 241 3873 381 3923; x_wconf 84' lang='lat' dir='ltr'>Othonis“.</span> <span class='ocrx_word' id='word_1_185' title='bbox 402 3875 511 3922; x_wconf 93' lang='lat' dir='ltr'>Berolini</span> <span class='ocrx_word' id='word_1_186' title='bbox 533 3874 609 3937; x_wconf 77' lang='lat'>1857,</span> <span class='ocrx_word' id='word_1_187' title='bbox 630 3903 663 3910; x_wconf 89' lang='lat'>-</span> <span class='ocrx_word' id='word_1_188' title='bbox 683 3875 733 3922; x_wconf 88' lang='lat' dir='ltr'>Ad.</span> <span class='ocrx_word' id='word_1_189' title='bbox 755 3873 868 3924; x_wconf 86' lang='lat' dir='ltr'>Schmidt</span> <span class='ocrx_word' id='word_1_190' title='bbox 890 3876 942 3935; x_wconf 92' lang='lat' dir='ltr'>„de</span> <span class='ocrx_word' id='word_1_191' title='bbox 961 3875 1108 3938; x_wconf 87' lang='lat' dir='ltr'>quibusdam</span> <span class='ocrx_word' id='word_1_192' title='bbox 1125 3875 1265 3923; x_wconf 89' lang='lat' dir='ltr'>auctoribus</span> <span class='ocrx_word' id='word_1_193' title='bbox 1283 3875 1376 3922; x_wconf 89' lang='lat' dir='ltr'>Roma·</span> 
     </span>
     <span class='ocr_line' id='line_1_22' title="bbox 208 3949 1375 4036; baseline 0.001 -18"><span class='ocrx_word' id='word_1_194' title='bbox 208 3971 255 4032; x_wconf 88' lang='lat' dir='ltr'>nis,</span> <span class='ocrx_word' id='word_1_195' title='bbox 276 3987 338 4035; x_wconf 92' lang='lat' dir='ltr'>quos</span> <span class='ocrx_word' id='word_1_196' title='bbox 357 3971 382 4020; x_wconf 92' lang='lat' dir='ltr'>in</span> <span class='ocrx_word' id='word_1_197' title='bbox 400 3973 566 4021; x_wconf 89' lang='lat' dir='ltr'>describendis</span> <span class='ocrx_word' id='word_1_198' title='bbox 594 3974 665 4021; x_wconf 91' lang='lat' dir='ltr'>rebus</span> <span class='ocrx_word' id='word_1_199' title='bbox 693 3954 814 4020; x_wconf 84' lang='lat' dir='ltr'>annorum</span> <span class='ocrx_word' id='word_1_200' title='bbox 833 3972 866 4022; x_wconf 87' lang='lat'>68</span> <span class='ocrx_word' id='word_1_201' title='bbox 886 3979 910 4020; x_wconf 87' lang='lat' dir='ltr'>et</span> <span class='ocrx_word' id='word_1_202' title='bbox 928 3973 962 4033; x_wconf 86' lang='lat'>69</span> <span class='ocrx_word' id='word_1_203' title='bbox 981 3989 1007 4036; x_wconf 91' lang='lat' dir='ltr'>p.</span> <span class='ocrx_word' id='word_1_204' title='bbox 1030 3949 1087 4022; x_wconf 78' lang='lat' dir='ltr'>Chr.</span> <span class='ocrx_word' id='word_1_205' title='bbox 1116 3989 1140 4022; x_wconf 91' lang='lat' dir='ltr'>n.</span> <span class='ocrx_word' id='word_1_206' title='bbox 1160 3973 1235 4036; x_wconf 85' lang='lat' dir='ltr'>gestis</span> <span class='ocrx_word' id='word_1_207' title='bbox 1265 3972 1375 4032; x_wconf 89' lang='lat' dir='ltr'>Tacitus,</span> 
     </span>
     <span class='ocr_line' id='line_1_23' title="bbox 208 4069 1378 4134; baseline -0.001 -16"><span class='ocrx_word' id='word_1_208' title='bbox 208 4069 369 4130; x_wconf 87' lang='lat' dir='ltr'>Plutarchus,</span> <span class='ocrx_word' id='word_1_209' title='bbox 390 4069 522 4121; x_wconf 86' lang='lat' dir='ltr'>Suetonius</span> <span class='ocrx_word' id='word_1_210' title='bbox 542 4071 617 4119; x_wconf 90' lang='lat' dir='ltr'>secuti</span> <span class='ocrx_word' id='word_1_211' title='bbox 636 4078 692 4120; x_wconf 89' lang='lat' dir='ltr'>sunt</span> <span class='ocrx_word' id='word_1_212' title='bbox 711 4078 752 4119; x_wconf 90' lang='lat' dir='ltr'>aut</span> <span class='ocrx_word' id='word_1_213' title='bbox 771 4069 847 4118; x_wconf 92' lang='lat' dir='ltr'>secuti</span> <span class='ocrx_word' id='word_1_214' title='bbox 865 4086 917 4118; x_wconf 91' lang='lat' dir='ltr'>esse</span> <span class='ocrx_word' id='word_1_215' title='bbox 935 4071 1048 4118; x_wconf 91' lang='lat' dir='ltr'>videntur</span> <span class='ocrx_word' id='word_1_216' title='bbox 1066 4070 1106 4118; x_wconf 87' lang='lat' dir='ltr'>vel</span> <span class='ocrx_word' id='word_1_217' title='bbox 1125 4070 1270 4118; x_wconf 80' lang='lat' dir='ltr'>dicuntur¹‘.</span> <span class='ocrx_word' id='word_1_218' title='bbox 1300 4071 1378 4134; x_wconf 85' lang='lat' dir='ltr'>Jenae</span> 
     </span>
     <span class='ocr_line' id='line_1_24' title="bbox 214 4139 1373 4232; baseline 0 -17"><span class='ocrx_word' id='word_1_219' title='bbox 214 4166 289 4215; x_wconf 87' lang='lat'>1860.</span> <span class='ocrx_word' id='word_1_220' title='bbox 312 4196 345 4204; x_wconf 94' lang='lat'>—</span> <span class='ocrx_word' id='word_1_221' title='bbox 364 4168 400 4216; x_wconf 86' lang='lat' dir='ltr'>H.</span> <span class='ocrx_word' id='word_1_222' title='bbox 412 4169 483 4217; x_wconf 90' lang='lat' dir='ltr'>Peter</span> <span class='ocrx_word' id='word_1_223' title='bbox 504 4169 574 4229; x_wconf 92' lang='lat' dir='ltr'>„Die</span> <span class='ocrx_word' id='word_1_224' title='bbox 593 4149 850 4231; x_wconf 23' lang='lat' dir='ltr'>Quelleanlutarchs</span> <span class='ocrx_word' id='word_1_225' title='bbox 875 4168 900 4215; x_wconf 92' lang='lat' dir='ltr'>in</span> <span class='ocrx_word' id='word_1_226' title='bbox 919 4167 968 4218; x_wconf 91' lang='lat' dir='ltr'>den</span> <span class='ocrx_word' id='word_1_227' title='bbox 996 4139 1164 4232; x_wconf 84' lang='lat' dir='ltr'>Biographien</span> <span class='ocrx_word' id='word_1_228' title='bbox 1183 4169 1226 4216; x_wconf 86' lang='lat' dir='ltr'>der</span> <span class='ocrx_word' id='word_1_229' title='bbox 1244 4169 1373 4216; x_wconf 79' lang='lat' dir='ltr'>Riimer“.</span> 
     </span>
     <span class='ocr_line' id='line_1_25' title="bbox 209 4265 1378 4330; baseline 0 -18"><span class='ocrx_word' id='word_1_230' title='bbox 209 4265 286 4314; x_wconf 89' lang='lat' dir='ltr'>Halle</span> <span class='ocrx_word' id='word_1_231' title='bbox 316 4265 389 4328; x_wconf 82' lang='lat'>1865.</span> <span class='ocrx_word' id='word_1_232' title='bbox 424 4283 468 4330; x_wconf 91' lang='lat' dir='ltr'>pp.</span> <span class='ocrx_word' id='word_1_233' title='bbox 498 4266 611 4328; x_wconf 87' lang='lat'>28-44.</span> <span class='ocrx_word' id='word_1_234' title='bbox 634 4295 667 4303; x_wconf 86' lang='lat'>—</span> <span class='ocrx_word' id='word_1_235' title='bbox 693 4266 741 4317; x_wconf 88' lang='lat' dir='ltr'>Th.</span> <span class='ocrx_word' id='word_1_236' title='bbox 768 4267 910 4314; x_wconf 90' lang='lat' dir='ltr'>Mommsen</span> <span class='ocrx_word' id='word_1_237' title='bbox 941 4267 1039 4326; x_wconf 81' lang='lat' dir='ltr'>„Corm</span> <span class='ocrx_word' id='word_1_238' title='bbox 1070 4266 1172 4314; x_wconf 82' lang='lat' dir='ltr'>Tacitus</span> <span class='ocrx_word' id='word_1_239' title='bbox 1200 4266 1251 4314; x_wconf 93' lang='lat' dir='ltr'>und</span> <span class='ocrx_word' id='word_1_240' title='bbox 1278 4265 1378 4313; x_wconf 91' lang='lat' dir='ltr'>Cluvius</span> 
     </span>
     <span class='ocr_line' id='line_1_26' title="bbox 209 4363 1378 4426; baseline 0.002 -16"><span class='ocrx_word' id='word_1_241' title='bbox 209 4363 321 4412; x_wconf 87' lang='lat' dir='ltr'>Rutus“.</span> <span class='ocrx_word' id='word_1_242' title='bbox 351 4364 456 4412; x_wconf 90' lang='lat' dir='ltr'>Hermes</span> <span class='ocrx_word' id='word_1_243' title='bbox 474 4365 534 4414; x_wconf 85' lang='lat' dir='ltr'>Vol.</span> <span class='ocrx_word' id='word_1_244' title='bbox 555 4365 590 4413; x_wconf 92' lang='lat' dir='ltr'>IV</span> <span class='ocrx_word' id='word_1_245' title='bbox 613 4364 689 4426; x_wconf 87' lang='lat'>1870.</span> <span class='ocrx_word' id='word_1_246' title='bbox 711 4393 743 4400; x_wconf 90' lang='lat'>—</span> <span class='ocrx_word' id='word_1_247' title='bbox 764 4365 799 4412; x_wconf 89' lang='lat' dir='ltr'>H.</span> <span class='ocrx_word' id='word_1_248' title='bbox 820 4364 909 4412; x_wconf 90' lang='lat' dir='ltr'>Nissen</span> <span class='ocrx_word' id='word_1_249' title='bbox 939 4364 1009 4425; x_wconf 93' lang='lat' dir='ltr'>„Die</span> <span class='ocrx_word' id='word_1_250' title='bbox 1032 4363 1158 4413; x_wconf 90' lang='lat' dir='ltr'>Historien</span> <span class='ocrx_word' id='word_1_251' title='bbox 1183 4365 1226 4412; x_wconf 90' lang='lat' dir='ltr'>des</span> <span class='ocrx_word' id='word_1_252' title='bbox 1253 4363 1378 4412; x_wconf 84' lang='lat' dir='ltr'>Plinius“.</span> 
     </span>
     <span class='ocr_line' id='line_1_27' title="bbox 208 4461 788 4524; baseline 0 -14"><span class='ocrx_word' id='word_1_253' title='bbox 208 4461 370 4511; x_wconf 92' lang='lat' dir='ltr'>Rheinisches</span> <span class='ocrx_word' id='word_1_254' title='bbox 388 4464 505 4512; x_wconf 93' lang='lat' dir='ltr'>Museum</span> <span class='ocrx_word' id='word_1_255' title='bbox 524 4464 583 4520; x_wconf 85' lang='lat' dir='ltr'>Vol.</span> <span class='ocrx_word' id='word_1_256' title='bbox 604 4464 691 4511; x_wconf 87' lang='lat' dir='ltr'>XXVI</span> <span class='ocrx_word' id='word_1_257' title='bbox 712 4463 788 4524; x_wconf 86' lang='lat'>1871.</span> 
     </span>
    </p>
   </div>
   <div class='ocr_carea' id='block_1_7' title="bbox 1124 4549 1167 4615">
    <p class='ocr_par' dir='ltr' id='par_1_7' title="bbox 1124 4549 1167 4615">
     <span class='ocr_line' id='line_1_28' title="bbox 1124 4549 1167 4615; baseline 0 -28"><span class='ocrx_word' id='word_1_258' title='bbox 1124 4549 1167 4615; x_wconf 74' lang='lat'>1*</span> 
     </span>
    </p>
   </div>
   <div class='ocr_carea' id='block_1_8' title="bbox 0 0 1628 5058">
    <p class='ocr_par' dir='ltr' id='par_1_8' title="bbox 0 0 1628 5058">
     <span class='ocr_line' id='line_1_29' title="bbox 0 0 1628 5058; baseline 0 0"><span class='ocrx_word' id='word_1_259' title='bbox 0 0 1628 5058; x_wconf 95' lang='lat' dir='ltr'> </span> 
     </span>
    </p>
   </div>
  </div>
 </body>
</html>
