3218 5058
269 401 312 472 36

270 606 369 668 modo
392 613 501 688 potest
524 626 598 668 eum
621 625 661 668 ne
683 627 776 669 usum
800 606 930 688 quidem
954 606 1018 670 alio
1041 627 1120 670 esse.
1171 606 1257 671 Nam
1282 608 1375 683 satis,
1409 615 1451 670 ut

268 721 336 803 jam
360 742 457 804 supra
480 722 629 797 diximus,
655 731 769 785 notum
800 732 850 785 est
872 723 1076 786 Plutarchum
1115 722 1199 786 hunc
1244 725 1351 805 ipsum
1374 728 1449 786 auc'·

270 845 384 913 torem,
394 857 490 918 quem
500 839 641 900 maxime
651 840 802 920 sequitur,
815 859 912 921 saepe
920 859 984 901 non
992 841 1168 902 nominare.
1193 839 1341 914 Accedit,
1356 841 1449 922 quod

269 973 312 1014 ex
334 953 405 1034 ipsa
428 974 466 1016 ea
489 955 629 1028 ratione,
655 955 773 1035 quain
797 954 960 1016 afferendo
985 954 1099 1017 Cluvio
1122 955 1309 1018 Plutarchus
1333 955 1385 1039 (O.
1413 955 1450 1038 3)

268 1069 367 1131 utitur
390 1071 478 1150 (,,καί
500 1091 585 1132 τινων
610 1066 732 1142 εἰκόνας
748 1066 895 1152 Νέρωνος
918 1067 963 1143 εἷς
978 1075 1150 1158 τουμφανὲς
1166 1073 1364 1157 προθεμένων
1389 1066 1450 1134 οὐκ

270 1185 415 1248 ἐκώλυσε.
478 1181 634 1268 Κλοὺβιος
676 1185 709 1248 δὲ
744 1181 873 1272 Ῥοῦφος
907 1182 951 1255 εἰς
987 1183 1121 1273 Ἰβηρίαν
1158 1190 1232 1274 φησὶ
1254 1189 1448 1272 κομισθῆναι

270 1299 473 1384 διπλώματαί*
497 1320 524 1363 e.
550 1320 582 1381 q.
607 1299 643 1383 s),
668 1301 777 1383 colligi
801 1322 898 1384 posse
921 1303 1047 1365 videtur
1077 1302 1161 1365 hunc
1184 1323 1249 1365 non
1273 1303 1441 1386 praecipu-

270 1436 324 1478 um
347 1415 507 1478 Plutarchi
532 1415 628 1479 fuisse
651 1426 825 1480 auctorem.

358 1530 471 1612 Atque
494 1532 629 1595 alteram
652 1533 852 1608 Mommsen,
877 1544 913 1596 ut
935 1534 1017 1609 dixi,
1043 1533 1136 1596 affert
1158 1555 1321 1609 caussam,
1354 1535 1447 1615 quod

269 1647 289 1708 ii
313 1647 385 1723 loci,
411 1648 526 1729 quibus
549 1648 581 1710 in
604 1649 788 1711 enarrandis
811 1649 905 1712 rebus
927 1651 1028 1730 gestis
1043 1650 1175 1712 Tacitus
1199 1659 1232 1712 et
1254 1649 1447 1713 Plutarchus

270 1761 418 1825 Cluvium
441 1763 561 1826 Rufum
585 1774 856 1840 commemorent,
893 1765 961 1847 ejus
991 1765 1080 1827 modi
1104 1766 1182 1840 sint,
1219 1774 1254 1828 ut
1286 1775 1447 1847 appareat

267 1878 309 1941 ab
332 1879 404 1961 ipso
428 1877 542 1941 Cluvio
575 1900 631 1942 eos
660 1880 853 1962 repetendos
883 1901 962 1942 esse.
1021 1879 1086 1942 Sed
1133 1879 1216 1944 hanc
1249 1881 1446 1943 sententiam

267 1993 382 2056 Nissen
417 1995 448 2078 (l.
479 1993 512 2077 l.)
547 1995 592 2058 ita
627 1994 752 2070 refutat,
793 2005 828 2057 ut
862 2005 974 2077 aperte
1012 1997 1212 2058 demonstret
1246 1997 1443 2059 contrarium

270 2109 385 2172 valere.
435 2109 598 2192 Quoniam
622 2119 730 2174 autem
754 2111 888 2192 longum
911 2112 1037 2174 videtur
1061 2113 1170 2174 omnia
1180 2111 1317 2175 Nissenii
1351 2132 1453 2194 argu--

268 2233 376 2288 menta
389 2234 541 2308 repetere,
556 2247 654 2289 unum
666 2226 837 2290 afferamus
849 2227 966 2302 locum,
992 2249 1058 2309 quo
1070 2229 1121 2290 vel
1138 2229 1210 2291 solo
1229 2228 1442 2291 demonstrari

266 2340 392 2403 videtur
414 2361 563 2424 perverse
582 2340 832 2405 Mommsenium
853 2343 996 2424 judicare
1007 2340 1054 2425 ⁷5).
1103 2344 1234 2406 Tacitus
1258 2345 1344 2406 enirn
1367 2344 1439 2407 hist.

266 2456 316 2518 ΙΙΙ.
357 2457 410 2535 65,
454 2466 629 2541 postquam
676 2459 808 2521 tradidit
846 2458 994 2520 Flavium
1037 2457 1210 2534 Sabinum,
1249 2460 1440 2543 Vespasiani

267 2570 413 2646 fratrem,
439 2574 480 2634 de
503 2593 583 2655 pace
607 2575 712 2655 egisse
735 2595 808 2637 cum
831 2574 975 2648 Vitellio,
1012 2574 1058 2635 ita
1089 2575 1213 2655 pergit:
1250 2575 1440 2649 „Postremo

266 2687 298 2748 in
322 2689 402 2750 aede
424 2688 598 2771 Apollinis,
624 2699 664 2752 ut
687 2689 789 2752 sarna
813 2690 895 2765 fuit,
914 2691 1083 2771 pepigere.
1140 2688 1250 2750 Verba
1279 2709 1441 2770 vocesque

268 2803 349 2864 duos
373 2811 472 2866 testes
495 2804 674 2880 habebant,
707 2804 887 2867 Cluvium
911 2805 1054 2866 Rulum
1077 2812 1110 2865 et
1122 2802 1237 2864 Silium
1260 2801 1435 2864 Italicum«

269 2917 374 2998 Quid?
397 2919 515 2982 Nonne
538 2929 633 3002 putas
646 2919 794 2981 Cluvium
817 2917 936 2980 Rufum
960 2919 1158 2999 colloquium
1190 2917 1284 2991 illud,
1317 2917 1437 3000 quippe

265 3034 316 3094 cui
361 3035 429 3115 ipse
474 3034 686 3108 interfuisset,
727 3043 794 3096 tam
830 3033 1000 3114 diligenter
1033 3033 1063 3094 in
1096 3032 1237 3095 historiis
1272 3033 1336 3096 suis
1370 3053 1436 3114 per·

267 3151 441 3233 scripsisse,
467 3159 502 3212 ut
518 3151 659 3224 Tacitus,
684 3151 711 3211 si
741 3169 814 3211 eum
838 3148 960 3210 fontem
995 3148 1191 3211 adhibuisset
1219 3149 1435 3230 praecipuum,

265 3265 363 3327 verba
387 3265 441 3327 illa
469 3273 522 3326 »ut
546 3265 632 3327 sama
655 3264 731 3325 fuit«
759 3262 896 3325 scribere
920 3263 1008 3326 nullo
1032 3264 1133 3325 modo
1156 3262 1317 3344 potuerit?
1341 3263 1439 3325 Dicat

265 3381 425 3463 quispiam
460 3381 524 3442 hoc
559 3387 783 3460 argumentum
816 3389 988 3460 propterea
1018 3379 1134 3442 nullius
1169 3380 1324 3441 momenti
1359 3399 1438 3453 esse,

264 3496 353 3578 quod
378 3495 598 3586 ¹dubitandum
622 3495 681 3570 sit,
721 3515 761 3557 an
786 3493 916 3558 Cluvius
939 3495 1042 3559 Rufus
1066 3516 1131 3558 non
1154 3495 1278 3566 Vitellii
1309 3515 1440 3576 quoque

265 3620 393 3693 tempus
432 3611 572 3673 historiis
607 3611 672 3673 suis
708 3611 878 3693 amplexus
913 3612 969 3687 sit;
1009 3611 1097 3693 quod
1133 3611 1165 3672 ni
1196 3610 1321 3684 iecerit,
1358 3609 1436 3670 nihil

264 3727 427 3810 impedire,
452 3727 624 3809 quominus
643 3736 793 3810 putemus
809 3727 958 3790 Tacitum
976 3728 1007 3788 in
1031 3727 1143 3808 primis
1165 3725 1291 3787 duobus
1314 3724 1437 3787 histori-

263 3862 352 3904 arum
376 3842 464 3905 libris
490 3843 665 3906 condendis
679 3842 836 3919 Cluvium,
861 3843 893 3905 in
912 3842 1118 3924 sequentibus
1135 3842 1231 3903 alium
1249 3841 1438 3922 scriptorem

264 3965 408 4020 secutum
432 3979 511 4021 esse.
559 3958 624 4022 Sed
648 3979 845 4043 quamquam
875 3958 1118 4020 concedendum
1154 3966 1203 4020 est
1234 3957 1330 4020 certis
1353 3956 1437 4018 testi·

262 4073 378 4135 moniis
401 4094 466 4136 non
485 4073 667 4137 confirmari
682 4095 779 4156 posse
796 4074 884 4136 illam
900 4074 1093 4136 sententiam
1109 4081 1263 4147 nostram,
1290 4070 1438 4135 Cluvium

258 4198 420 4252 certamen
443 4210 572 4272 quoque
595 4192 677 4253 inter
699 4190 867 4252 Vitellium
895 4198 928 4252 et
950 4188 1189 4271 Vespasianum
1212 4189 1430 4270 descripsisse,

331 4447 364 4516 τῦ)
385 4451 417 4501 cs.
439 4451 531 4501 Clason
552 4451 670 4500 »Tacitus
688 4450 739 4499 und
757 4451 866 4500 Suetou«
888 4465 930 4514 pp.
950 4449 981 4498 8¹
1003 4463 1056 4513 s<l‘l·
