3218 5058
1264 413 1307 478 41

142 611 324 693 regionibus
370 612 539 673 oriundum
578 610 682 673 fuisse.
755 611 852 692 Quod
890 619 1116 692 argumentum
1154 621 1310 693 quantum

142 727 255 801 valeat,
281 749 338 809 per
361 748 396 790 se
419 727 622 808 intellegitur.
680 727 765 789 Nam
796 729 836 789 de
859 727 1025 808 Vergini0,
1052 725 1205 801 Caecina,
1242 727 1312 790 aliis

142 844 239 906 etiam
268 844 371 924 quivis
404 843 484 905 alius
515 865 553 906 ac
581 843 700 905 Plinius
728 864 766 906 ea
790 851 918 924 poterat
941 842 1069 916 afferre,
1111 863 1193 923 quae
1226 843 1313 925 apud

141 959 343 1021 Plutarchum
369 968 401 1020 et
425 959 574 1021 Tacitum
598 960 812 1034 inveniuntur;
852 980 894 1020 ex
918 960 956 1021 iis
980 967 1102 1033 autem,
1128 979 1211 1039 quae
1234 959 1309 1022 hist.

142 1076 179 1139 ll.
205 1091 247 1137 20
270 1083 302 1137 et
315 1074 355 1137 Ο.
377 1076 399 1136 6
422 1076 462 1137 de
486 1085 599 1137 ornatu
615 1084 713 1156 atque
725 1074 868 1144 ¹vestibus
882 1072 1038 1137 Caecinae
1062 1083 1094 1137 et
1113 1074 1190 1138 hist.
1216 1076 1253 1137 ΙΙ.
1270 1085 1323 1142 21'

142 1192 182 1254 de
204 1191 443 1273 amphitheatro
467 1191 652 1254 Placentino
676 1192 878 1272 conflagrato
901 1228 945 1237 -
968 1192 1009 1252 de
1032 1211 1098 1272 quo
1121 1190 1308 1254 Plutarchus

142 1328 180 1369 ne
204 1327 301 1369 unum
326 1308 454 1388 quidem
480 1307 613 1369 verbum
635 1306 757 1389 prosert
773 1345 818 1353 —
838 1307 1026 1380 afferuntur,
1052 1327 1161 1382 nemo,
1187 1307 1311 1390 opinor,

142 1431 267 1505 praeter
283 1423 465 1485 Nissenium
481 1424 612 1486 audebit
628 1423 780 1504 colligere
803 1443 887 1497 eum,
913 1443 1009 1503 quem
1022 1443 1227 1485 communem
1242 1444 1312 1485 auc-

144 1548 246 1601 torem
270 1539 443 1620 scriptores
466 1539 672 1614 adhiberent,
713 1539 882 1600 oriundum
919 1537 1084 1600 luisse.ex
1108 1538 1214 1603 Gallia
1245 1539 1309 1602 Cis-

142 1654 257 1736 alpina.

231 1796 342 1878 Atque
359 1797 503 1878 quintam
514 1795 629 1860 Nissen
658 1797 732 1859 inde
758 1797 841 1878 petit
856 1817 1012 1872 caussam,
1033 1798 1121 1877 quod
1134 1795 1311 1859 Galliarum

141 1912 377 1994 provinciarum
401 1907 451 1974 res
484 1912 586 1974 multo
617 1913 795 1975 accuratius
823 1913 958 1976 describi
994 1913 1176 1990 contendit,
1214 1934 1312 1994 quam

141 2027 334 2102 Pannoniae,
360 2027 545 2108 Hispaniae,
571 2027 718 2103 Africae,
744 2028 902 2103 Orientis;
934 2028 1024 2110 cujus
1054 2030 1097 2091 rei
1133 2021 1230 2091 nulla
1250 2029 1313 2092 alia

143 2143 280 2224 cogitari
305 2144 410 2224 possit
432 2164 561 2218 caussa,
601 2164 698 2224 quam
722 2144 810 2224 quod
840 2146 1019 2206 communis
1049 2143 1146 2206 sontis
1176 2146 1313 2228 scriptor

140 2258 250 2321 harum
287 2260 427 2340 ipsarum
465 2258 698 2341 provinciarum
731 2280 781 2322 res
821 2261 944 2342 optime
973 2261 1120 2341 cognitas
1155 2261 1311 2337 habuerit,

141 2376 228 2454 quod
271 2375 302 2435 in
347 2374 483 2436 Plinium
530 2376 644 2438 cadere
689 2375 797 2438 videri.
872 2375 921 2437 At
958 2395 1043 2456 nego
1086 2377 1235 2457 equidem
1269 2377 1310 2440 de

141 2489 253 2552 Galliis
278 2491 449 2572 provinciis
473 2491 565 2573 plura
588 2501 620 2553 et
643 2492 842 2553 accuratiora
866 2490 1008 2573 proferri,
1036 2511 1135 2572 quam
1166 2513 1215 2554 res
1239 2493 1310 2574 ipsa

142 2605 231 2668 ferat.
291 2605 375 2668 Nam
407 2627 445 2669 ea
478 2607 563 2688 ipsa,
604 2627 686 2689 quae
722 2606 785 2668 illic
819 2607 1017 2682 acciderant,
1054 2608 1189 2669 maximi
1221 2618 1312 2671 erant

141 2723 307 2784 momenti.

228 2873 342 2954 Neque
380 2874 510 2954 majoris
555 2875 706 2955 ponderis
744 2876 870 2937 videtur
917 2894 987 2936 esse
1034 2883 1127 2936 sexta
1164 2873 1302 2937 Nissenii

139 3010 261 3051 caussa.
319 2989 406 3051 Dicit
438 2990 523 3051 enim
555 3010 596 3051 ex
625 2989 785 3052 Plutarchi
818 2999 850 3052 et
889 2988 993 3052 Taciti
1030 2990 1117 3052 libris
1155 3010 1311 3072 apparere

140 3125 345 3166 communem
377 3126 488 3167 eorum
511 3114 676 3168 auctorem
700 3106 813 3168 eadem
836 3104 1014 3168 subtilitate
1041 3126 1079 3168 ac
1102 3107 1247 3168 doctrina
1277 3106 1309 3168 in

139 3221 372 3302 componendis
399 3222 540 3284 historiis
558 3241 650 3283 usum
668 3242 738 3284 esse
757 3230 854 3304 atque
878 3222 909 3283 in
932 3221 1035 3283 Plinio
1059 3221 1155 3283 suisse
1179 3242 1221 3286 ex
1245 3222 1313 3304 ejus

140 3337 275 3399 naturali
299 3336 431 3400 historia
455 3347 710 3418 cognosceretur.
759 3338 833 3419 Quo
857 3338 898 3399 de
921 3345 1129 3417 argumento,
1161 3339 1313 3418 quoniam

139 3473 197 3533 per
221 3473 255 3514 se
278 3453 429 3514 audacius
452 3454 485 3514 id
508 3474 578 3515 esse
601 3452 804 3533 intellegitur,
831 3474 928 3534 quam
951 3462 987 3514 ut
1009 3453 1185 3534 quidquam
1208 3454 1313 3535 possit

139 3568 257 3643 valere,
283 3569 375 3650 plura
399 3568 541 3650 proferre
565 3553 797 3651 supervacuum
820 3569 1046 3631 videturesse.

227 3711 357 3784 Restat,
398 3721 433 3773 ut
463 3710 609 3773 ultimam
637 3710 775 3773 Nissenii
808 3732 955 3774 caussam
981 3710 1117 3775 refutare
1147 3732 1309 3787 conemur,

138 3846 236 3907 quam
261 3827 334 3889 inde
357 3827 474 3908 repetit
497 3826 564 3902 ille,
601 3827 689 3907 quod
713 3828 744 3887 in
768 3827 928 3889 Plutarchi
956 3826 1080 3889 Galbae
1115 3837 1147 3889 et
1171 3827 1313 3891 Othonis

138 3942 213 4004 vitis
244 3942 357 4004 eadem
387 3951 485 4023 atque
517 3943 549 4004 in
586 3941 677 4003 Plinii
708 3943 843 4004 naturali
872 3942 1005 4022 historia
1043 3944 1220 4006 inveniatur
1254 3945 1305 4006 de-

137 4058 297 4120 scribendi
335 4059 426 4121 ratio.
475 4059 550 4140 Quo
588 4059 628 4121 de
667 4067 857 4142 argumento
897 4079 998 4139 aeque
1036 4078 1074 4120 ac
1117 4059 1157 4121 de
1204 4061 1312 4141 priore

134 4175 345 4256 judicandum
369 4174 494 4236 videtur
518 4196 596 4238 esse.

227 4317 332 4378 Immo
355 4338 432 4379 vero
454 4337 519 4379 non
543 4318 648 4379 solum
672 4317 786 4380 nullius
810 4317 965 4398 momenti
994 4326 1068 4380 sunt
1090 4317 1145 4379 illa
1172 4316 1310 4381 Nissenii

136 4441 337 4514 argumenta,
362 4433 419 4495 sed
442 4443 554 4495 contra
577 4432 710 4515 proferri
734 4454 772 4496 ea
795 4443 940 4516 possunt,
965 4434 1080 4516 quibus
1112 4453 1216 4496 erarre
1239 4455 1312 4496 eum
