3218 5058
228 403 271 467 60

228 597 352 662 Galbae
375 599 475 661 vitam
500 607 670 680 totumque
700 598 871 679 imperium
894 597 1129 680 complectatur
1151 596 1296 688 exceptis
1320 617 1394 678 qua·

226 722 299 777 tuor
333 714 453 778 ultimis
486 714 616 788 diebus,
660 713 775 795 quibus
809 714 886 776 solis
928 722 1053 796 septem
1088 713 1241 795 largiatur
1275 713 1397 796 capita.
1442 705 1448 724 '

226 829 488 893 Existimandum
504 831 588 892 enim
605 850 675 892 esse
691 829 895 892 Plutarchum
911 829 994 892 hanc
1011 829 1054 893 ob
1076 849 1144 902 rem
1168 838 1235 892 tam
1259 828 1399 891 breviter

225 946 394 1028 pristinam
417 947 620 1028 imperatoris
644 946 745 1007 vitam
768 945 976 1027 complexum
1000 965 1085 1020 esse,
1119 946 1208 1028 quod
1231 945 1283 1008 hic
1306 944 1396 1006 Taci-

226 1069 295 1124 tum
318 1063 408 1143 sequi
431 1082 496 1124 non
517 1070 638 1144 posset.
663 1099 707 1108 —
732 1060 824 1141 Quae
846 1080 1043 1143 quamquam
1067 1082 1132 1124 non
1155 1081 1285 1143 prorsus
1309 1068 1397 1122 recta

226 1187 308 1252 sunt,
334 1186 442 1240 tamen
466 1198 506 1239 ne
529 1177 708 1258 abjicienda
731 1177 862 1264 quidem
885 1197 1015 1259 prorsus
1039 1177 1117 1239 mihi
1140 1177 1297 1239 videntur.
1337 1176 1396 1239 At·

225 1314 288 1374 que
311 1312 349 1354 ea
372 1293 501 1374 quidem
526 1313 593 1367 reS,
625 1293 713 1376 quod
737 1293 814 1355 solis
837 1302 975 1375 quatuor
999 1292 1118 1355 ultimis
1141 1292 1254 1355 diebus
1277 1292 1396 1356 Plutar-
1480 1327 1484 1333 ·

229 1407 308 1472 chus
331 1419 456 1491 septem
480 1409 537 1471 dat
559 1408 682 1490 capita,
707 1409 823 1471 idonea
847 1408 924 1470 mihi
949 1409 1079 1471 minime
1102 1409 1227 1472 videtur
1249 1428 1329 1483 esse,
1355 1429 1397 1471 ex

226 1544 290 1605 qua
305 1525 347 1599 id,
372 1525 460 1606 quod
477 1523 596 1587 Clason
613 1524 690 1599 vult,
715 1515 820 1605 possit
835 1524 960 1605 colligi;
985 1544 1061 1587 nam
1077 1545 1135 1607 per
1150 1545 1185 1587 se
1200 1524 1397 1606 intellegitur

224 1640 432 1720 gravissimas
445 1640 515 1704 illas
527 1642 596 1704 dies
607 1641 824 1726 narrationem
834 1641 1023 1722 poposcisse
1035 1640 1137 1702 multo
1154 1642 1394 1716 accuratiorem,

226 1775 323 1836 quam
356 1757 496 1838 priorem
520 1754 645 1818 Galbae
675 1757 784 1818 vitam.
832 1756 964 1837 Majoris
997 1765 1106 1818 autem
1136 1756 1287 1839 ponderis
1316 1756 1395 1821 illud

223 1871 360 1934 alterum
384 1871 461 1934 mihi
485 1868 730 1952 videtursquo'd
754 1870 873 1935 Clason
896 1872 974 1935 dicit
989 1871 1194 1936 Plutarchum
1217 1873 1328 1956 primis
1353 1889 1393 1936 22

223 1986 285 2071 (vel
313 1986 373 2070 18).
399 1987 557 2070 capitibus
589 1988 630 2050 de
659 1987 863 2068 imperatoris
893 1988 976 2050 illius
1006 1989 1073 2050 vita
1102 1989 1247 2070 dispersa
1270 1998 1396 2051 tantum

222 2102 375 2184 proferre.
434 2102 520 2166 Nam
559 2123 632 2165 cum
672 2104 746 2166 inde
780 2104 822 2166 ab
854 2105 1030 2187 adoptione
1062 2105 1185 2167 Pisonis
1220 2105 1395 2167 enarranda

223 2217 273 2302 (G.
303 2218 354 2302 19)
381 2219 566 2282 continuam
594 2218 761 2281 historiam
791 2218 915 2282 Galbae
946 2219 1149 2302 Othonisque
1183 2229 1324 2294 enarret,
1364 2221 1395 2282 in

223 2335 330 2416 priore
346 2334 400 2397 illa
416 2343 508 2416 parte
524 2335 623 2396 modo
639 2334 711 2410 huc,
737 2337 836 2398 modo
860 2335 934 2399 illuc
958 2337 1100 2398 animum
1123 2336 1253 2399 lectoris
1276 2336 1393 2416 dirigit,

222 2459 258 2512 ut
281 2451 359 2532 satis
381 2460 539 2533 appareat
561 2450 766 2542 Plutarchum
790 2451 842 2514 hic
865 2472 930 2514 non
954 2472 1028 2515 eum
1050 2453 1240 2535 scriptorem
1264 2452 1394 2514 adhibu-

221 2567 298 2640 isse,
335 2567 388 2648 qui
412 2567 472 2642 ita,
510 2576 545 2629 ut
568 2567 718 2642 TacituS,
755 2588 805 2630 res
839 2568 1059 2650 descripserat.
1107 2568 1208 2630 Velut
1231 2589 1286 2643 ea,
1312 2588 1395 2649 quae

221 2682 347 2744 Romae
372 2681 457 2746 facta
480 2692 585 2758 erant,
617 2692 743 2746 enarrat
772 2703 866 2766 capp.
893 2700 921 2746 2.
949 2700 977 2765 7.
1007 2701 1055 2760 113
1088 2685 1128 2746 de
1152 2684 1309 2766 Verginio
1334 2693 1392 2746 tra-

221 2798 269 2863 dit
292 2818 385 2880 capp.
412 2799 441 2860 6.
472 2815 531 2875 103
563 2799 604 2862 de
626 2798 816 2881 Nymphidii
840 2798 951 2863 Sabini
974 2800 1115 2862 consiliis
1140 2803 1169 2862 8.
1194 2817 1224 2879 9.
1255 2816 1302 2879 13,
1334 2816 1391 2877 14,

221 2914 262 2979 de
286 2913 424 2978 Vindice
456 2931 487 2992 4.
522 2916 559 2992 63
595 2935 699 2996 neque
733 2915 811 2978 illud
846 2916 1166 2998 praetermittendum
1206 2924 1270 2990 est,
1307 2915 1394 2997 quod

222 3030 312 3092 Vinii
336 3050 442 3093 mores
472 3039 506 3094 et
537 3031 704 3113 pristinam
732 3031 850 3106 vitam,
884 3051 1081 3113 quamquam
1104 3033 1194 3094 illum
1214 3031 1283 3113 jam
1305 3048 1336 3109 4.
1363 3046 1392 3111 7.

226 3161 273 3208 10.
311 3163 344 3207 11
381 3155 631 3222 commemorat,
669 3155 778 3208 tamen
812 3167 882 3229 cap.
918 3163 967 3210 12.
1003 3148 1134 3209 demum
1166 3147 1317 3210 describit
1331 3144 1392 3229 107).

222 3261 333 3342 Atque
368 3261 446 3324 illud
481 3282 610 3344 quoque
645 3262 794 3338 offendit,
830 3264 918 3344 quod
952 3263 1050 3326 verba
1084 3263 1139 3325 illa
1172 3283 1268 3346 supra
1296 3262 1395 3324 allata

221 3377 296 3461 (cz
321 3386 420 3440 extr:
447 3381 506 3454 „tri
530 3381 583 3463 μὲν
607 3374 658 3441 οὖν
682 3375 757 3442 καθ’
781 3375 918 3441 ἕκασται(
943 3399 969 3440 e.
996 3399 1026 3460 q.
1052 3378 1090 3461 s.)
1113 3400 1152 3440 eo
1177 3379 1250 3442 loco
1274 3379 1390 3441 inveni·

221 3501 333 3568 untur,
359 3494 400 3555 ad
423 3514 519 3576 quem
543 3494 674 3556 minime
698 3495 865 3575 quadrant.
913 3493 1061 3570 Accedit,
1086 3496 1183 3576 quod,
1209 3504 1244 3557 ut
1266 3494 1392 3557 Wiede·

222 3628 318 3671 mann
350 3609 380 3693 (l.
413 3609 432 3672 l.
463 3629 493 3692 p.
522 3608 574 3692 55)
597 3610 684 3685 dicit,
715 3609 919 3673 »Plutarzhus
951 3608 1048 3672 refert
1070 3611 1110 3672 de
1138 3611 1296 3673 seditione
1319 3609 1392 3672 Ger-

221 3725 337 3788 manici
353 3726 513 3787 exercitus
536 3725 662 3788 duobus
686 3724 765 3787 locis
788 3724 838 3810 (G.
869 3728 916 3788 18.
944 3725 1006 3808 22),
1031 3727 1071 3788 de
1095 3728 1218 3807 populo
1242 3725 1393 3808 Tigellini

221 3840 413 3922 supplicium
448 3842 643 3922 deposcente
679 3817 805 3904 duobus
839 3841 918 3904 locis
952 3839 1007 3925 (G.
1038 3839 1157 3924 17108),
1212 3842 1253 3903 de
1288 3849 1393 3903 morte

221 3957 398 4039 Turpiliani
422 3956 548 4020 duobus
572 3956 651 4019 locis
682 3956 732 4041 (G.
763 3970 798 4038 15
836 3966 869 4020 et
896 3957 975 4040 17).«
1026 3957 1070 4019 Et
1093 3957 1168 4020 licet
1190 3966 1277 4019 recte
1301 3956 1394 4019 Peter

220 4074 307 4136 dicat
334 4074 365 4158 (l.
398 4072 417 4135 l.
448 4095 479 4155 p.
509 4072 565 4155 43)
600 4072 830 4154 posterioribus
863 4072 942 4136 locis
975 4094 1039 4136 non
1074 4073 1262 4155 simpliciter
1292 4073 1393 4156 repeti

294 4301 337 4372 ¹⁰⁷)
356 4305 458 4355 Tacitus
475 4305 541 4353 idem
559 4304 617 4354 facit
635 4304 690 4356 hist.
711 4307 722 4354 Ι
741 4306 785 4368 48,
804 4314 936 4370 postquam
956 4305 1008 4370 ejus
1025 4313 1129 4354 mortem
1143 4305 1231 4356 retulit.

293 4399 336 4471 ¹⁰⁸)
356 4410 419 4452 errat
440 4403 615 4466 Wiedemann,
637 4419 693 4452 cum
712 4404 771 4453 dicit
793 4404 868 4454 »18.«
