3218 5058
1284 409 1328 474 53

158 609 324 672 existimat
354 629 427 672 eum
456 629 584 691 quoque
607 628 672 670 uno
695 616 821 670 tantum
844 627 936 670 usum
964 626 1034 670 esse
1057 605 1225 688 solamque
1247 606 1330 670 hanc

159 725 203 788 ob
226 746 312 802 rem,
346 734 382 788 ut
405 725 561 806 majorem
584 725 784 807 diligentiam
814 723 993 800 simularet,
1027 716 1158 785 finxisse
1186 743 1221 785 se
1244 743 1329 785 com-

158 841 264 923 plures
292 841 375 904 inter
404 862 439 904 se
469 861 675 922 comparasse
698 839 813 903 fontes
861 840 954 921 Quae
977 860 1051 903 cum
1074 840 1119 903 ita
1141 839 1221 916 sint,
1253 859 1330 901 num

158 965 252 1040 putas
272 958 376 1020 minus
393 957 564 1020 verisimile
587 978 657 1019 esse
680 958 786 1038 ipsum
799 955 958 1034 Tacitum,
983 957 1104 1038 quippe
1127 956 1181 1036 qui
1205 963 1330 1017 tantam

158 1073 256 1136 etiam
279 1075 366 1156 apud
388 1073 539 1156 aequales
563 1081 810 1154 consequeretur
832 1072 985 1154 gloriam,
1017 1072 1199 1154 complures
1223 1070 1329 1134 fontes

157 1189 276 1270 pariter
309 1189 493 1253 adhibuisse
527 1188 740 1271 omnibusque
774 1188 836 1252 illis
871 1188 967 1265 locis,
1004 1187 1120 1270 quibus
1150 1187 1212 1250 hoc
1240 1188 1327 1266 dicit,

156 1325 268 1366 verum
284 1305 427 1367 locutum
446 1324 525 1384 esse,
550 1325 648 1386 quam
664 1304 754 1366 illum
777 1324 881 1368 rerum
905 1305 1095 1386 scriptorem
1118 1303 1180 1367 hoc
1205 1303 1326 1382 fecisse,

156 1442 221 1503 quo
258 1421 410 1504 primario
445 1431 575 1488 auctore
599 1420 749 1484 Tacitum
784 1431 816 1484 et
839 1420 1044 1482 Plutarchum
1077 1441 1153 1482 usos
1176 1440 1247 1483 esse
1269 1421 1328 1482 viri

156 1536 243 1599 docti
267 1536 489 1599 contendunt?

241 1653 314 1742 Jam
337 1673 414 1715 vero
438 1653 501 1716 alia
524 1653 674 1728 afferam,
707 1651 822 1734 quibus
851 1652 1064 1714 demonstrari
1098 1651 1224 1738 videtur
1262 1671 1326 1714 ma-

154 1785 253 1849 gnam
277 1769 308 1830 in
332 1769 556 1851 componenda
591 1789 690 1850 opera
724 1768 873 1830 Tacitum
909 1766 1082 1829 contulisse
1116 1767 1325 1848 diligentiam.

155 1882 238 1946 Sunt
267 1884 352 1948 enirn
381 1885 460 1962 loci,
492 1885 607 1967 quibus
637 1905 675 1947 ea
703 1883 860 1966 proferat,
893 1904 975 1965 quae
1005 1883 1074 1965 ipse
1097 1883 1263 1946 audiverat
1285 1883 1327 1945 ab

155 1999 234 2076 aliis,
259 2010 295 2062 ut
318 2020 390 2062 ann.
416 2002 459 2062 ΙΙΙ
488 2002 542 2063 16:
573 2001 699 2064 »audire
723 2021 775 2063 me
799 2000 928 2063 memini
953 2019 995 2062 ex
1018 1999 1227 2075 senioribusr;
1252 2020 1323 2061 ann.

154 2115 269 2177 XIV2
294 2137 394 2197 »quae
417 2115 556 2193 Cluvius,
581 2117 694 2179 eadem
715 2119 813 2179 ceteri
836 2137 965 2200 quoque
988 2126 1135 2179 auctores
1156 2116 1326 2198 prodidere

154 2240 187 2293 et
217 2231 233 2293 f
240 2252 337 2294 ama
366 2231 450 2294 huc
481 2233 644 2309 inclinate
680 2252 752 2296 ann.
777 2233 843 2295 XV
869 2249 928 2316 73:
968 2232 1137 2309 natentur,
1172 2232 1227 2312 qui
1250 2240 1326 2313 post

154 2348 315 2411 interitum
340 2347 475 2411 Neronis
506 2350 538 2410 in
568 2348 679 2412 urbem
708 2349 842 2430 regressi
872 2358 976 2411 sunt«.
1002 2347 1151 2410 —Sunt
1175 2347 1227 2408 alii
1251 2348 1323 2424 loci,

154 2463 268 2544 quibus
292 2465 487 2545 quaesivisse
511 2485 545 2527 se
568 2465 722 2546 quiddam
743 2466 845 2543 dicat,
871 2475 906 2528 ut
929 2485 1000 2526 anu.
1026 2464 1074 2525 IV
1099 2476 1156 2542 53:
1188 2463 1238 2525 »id
1261 2484 1324 2544 ego

153 2599 172 2640 a
203 2580 411 2661 scriptoribus
442 2580 604 2644 annalium
634 2601 721 2643 non
754 2582 983 2645 traditum
1020 2579 1146 2662 repperi
1178 2580 1210 2641 in
1239 2599 1323 2641 com·

154 2695 316 2758 mentariis
332 2695 564 2778 Agrippinam
582 2717 653 2760 ann.
668 2697 716 2759 VI
736 2712 769 2778 7:
791 2698 965 2778 »originem
989 2715 1042 2758 no
1055 2715 1076 2756 n
1099 2696 1319 2776 repperi«
1345 2685 1349 2691 ’

152 2810 294 2873 Exstant
325 2807 378 2873 alii
411 2813 489 2888 loci,
522 2812 636 2894 quibus
666 2833 759 2875 suum
787 2812 885 2894 ipsius
906 2811 1061 2893 judicium
1082 2820 1114 2873 et
1138 2811 1324 2892 opinionem

153 2925 284 2989 Tacitus
307 2927 497 3009 profiteatur
519 2928 569 2992 vel
593 2929 729 2991 aliorum
752 2928 916 2992 sententiis
940 2935 1094 3010 opponat,
1121 2935 1155 2988 ut
1178 2947 1250 2990 ann.
1275 2927 1324 2989 IV

156 3058 212 3104 11:
243 3042 338 3103 »mihi
362 3045 508 3106 tradendi
531 3045 749 3126 arguendique
773 3044 908 3106 rumoris
932 3063 1044 3106 caussa
1068 3042 1144 3120 fuit,
1175 3051 1210 3104 ut
1233 3043 1321 3106 claro

152 3157 211 3219 sub
239 3159 392 3239 exemplo
415 3145 525 3223 'falsas
552 3161 732 3222 auditiones
761 3159 956 3242 depellerem
979 3168 1186 3241 peteremque
1209 3158 1251 3221 ab
1274 3159 1321 3235 ile,

152 3293 290 3353 quorum
314 3275 345 3335 in
370 3295 483 3338 manus
507 3294 582 3339 cura
605 3285 715 3338 nostra
736 3277 873 3353 venerit,
908 3295 947 3338 ne
970 3275 1136 3356 divulgata
1159 3283 1256 3356 atque
1279 3275 1321 3336 in-

151 3388 314 3451 credibilia
345 3390 441 3452 avide
470 3399 605 3472 accepta
637 3392 719 3454 veris
752 3411 854 3472 neque
882 3393 915 3453 in
948 3391 1135 3461 miraculum
1165 3392 1323 3472 corruptis

152 3504 404 3581 antehabeant«;
438 3526 512 3569 ann.
545 3507 592 3569 IV
626 3519 681 3590 57:
723 3505 897 3569 »Caussam
927 3507 1094 3570 abscessus
1126 3527 1323 3588 quamquam

151 3629 278 3684 secutus
295 3621 450 3702 plurimos
469 3631 636 3686 auctorum
655 3623 696 3684 ad
715 3621 823 3704 Sejani
840 3632 925 3688 artes
948 3623 1064 3700 rettuli,
1078 3661 1122 3668 —
1134 3623 1323 3704 plerumque

151 3757 356 3818 permoveor,
388 3757 465 3799 num
488 3738 529 3800 ad
553 3739 658 3820 ipsum
682 3739 788 3802 referri
811 3740 916 3802 verius
939 3741 1015 3816 sitr;
1041 3739 1113 3802 hist.
1138 3740 1166 3801 ll
1191 3755 1232 3820 37
1257 3739 1322 3824 (qui

150 3987 250 4020 munem
268 3969 373 4037 sontem)
393 3971 438 4018 aus
455 3971 498 4020 der
515 3970 700 4036 sorglltltigsten
712 3972 863 4038 Abwagung
880 3972 1066 4021 verschiedener
1078 3971 1190 4020 Berichte
1208 3971 1320 4034 beruhte,

151 4069 201 4118 und
226 4070 284 4118 dass
309 4070 411 4118 Tacitus
436 4069 505 4118 nicht
530 4070 608 4118 selten
630 4069 676 4118 aul
698 4070 783 4119 solche
806 4070 972 4136 Genauigkeit
989 4069 1104 4119 Verzicht
1131 4070 1256 4131 leistete«,
1283 4071 1322 4119 cui

149 4169 206 4220 loco
225 4168 277 4232 ipse
296 4167 391 4216 videtur
409 4167 513 4230 obloqui
530 4184 555 4232 p.
577 4178 640 4230 534:
665 4169 778 4218 »Daraus
797 4169 875 4233 solgt,
897 4170 953 4219 dass
971 4170 1016 4219 das
1035 4170 1123 4219 Gesetz
1142 4169 1185 4218 der
1203 4169 1321 4233 Quellen·

150 4267 292 4330 benutzung
304 4265 350 4314 auf
359 4265 460 4313 Tacitus
472 4265 564 4314 ebenso
581 4265 679 4327 zutrifft,
700 4267 746 4315 wie
765 4267 810 4316 aul
825 4267 878 4316 die
897 4266 1035 4332 librigen
1054 4267 1323 4318 Geschichtssehreiber

149 4365 192 4414 des
210 4363 364 4413 Alterthums
383 4391 415 4400 -
435 4363 490 4412 eine
502 4339 652 4426 Tbatsache,
673 4365 713 4414 die
732 4381 797 4414 zwar
814 4366 863 4414 den
881 4366 948 4415 alten
967 4367 1090 4415 Marotten
1109 4366 1153 4415 der
1170 4366 1321 4430 Philologen

148 4463 230 4528 wenig
248 4477 355 4526 zusagen
374 4477 449 4526 mag«
470 4477 491 4512 e.
511 4477 535 4526 q.
562 4479 583 4511 s.
