3218 5058
1241 415 1284 490 35

122 631 152 686 et
174 618 334 708 Clasonw)
365 621 460 706 plane
488 621 669 687 ostendunt.
731 619 842 704 Atque
877 633 958 704 quot
991 599 1024 686 et
1062 645 1144 705 quos
1181 644 1283 686 annos

121 740 262 815 historiis
287 760 368 821 quas
384 741 511 822 scripsit
521 739 567 823 73),
593 739 783 822 complexus
806 740 857 813 sit,
882 739 941 801 etsi
965 759 1030 800 non
1050 749 1135 800 certe
1154 741 1281 814 scimus

120 864 222 918 tamen
245 857 416 919 verisimile
440 856 577 937 estjam
601 854 766 936 Caligulae
790 855 890 916 vitam
919 875 992 916 eum
1016 864 1186 931 tractasse,
1213 865 1283 917 tum

120 973 314 1053 sequentium
338 974 566 1054 imperatorum
592 972 735 1032 omnium
759 991 859 1051 usque
883 972 923 1032 ad
937 970 1058 1033 Vitellii
1089 969 1280 1054 m01·tem⁷⁴).

122 1089 321 1169 Quamquam
344 1097 452 1150 autem
468 1086 600 1149 Tacitus
615 1086 763 1149 Cluvium
781 1085 899 1148 Rufum
923 1087 955 1148 in
967 1085 1133 1148 annalibus
1157 1095 1283 1150 tantum

121 1205 211 1288 (XIII,
237 1221 297 1280 20;
334 1203 422 1266 XIV.
450 1204 480 1286 2)
508 1212 674 1264 auctorem
698 1202 816 1276 laudat,
846 1222 910 1264 non
934 1203 966 1262 in
990 1201 1143 1277 historiis
1176 1213 1284 1265 tamen

124 1321 193 1381 inde
219 1339 423 1400 nequaquam
453 1318 670 1400 colligendum
701 1327 750 1379 est
780 1338 852 1379 eum
883 1319 915 1379 in
946 1317 994 1380 his
1025 1318 1107 1380 illius
1140 1318 1283 1380 historiis

121 1455 158 1495 ne
180 1455 271 1496 usum
295 1435 424 1516 quidem
448 1454 526 1496 esse.
596 1433 707 1514 Atque
737 1433 924 1495 Plutarchus
954 1454 1026 1494 eum
1058 1434 1162 1495 solum
1194 1472 1236 1480 -
1260 1436 1286 1495 si

124 1571 177 1612 eos
201 1551 290 1612 locos
319 1551 527 1630 neglegimus,
554 1549 605 1610 ubi
623 1549 779 1610 sermonis
803 1549 1093 1611 communicatione
1117 1550 1227 1612 nititur
1243 1588 1287 1595 —

120 1675 280 1727 auctorem
304 1665 336 1726 in
359 1666 433 1726 vitis
457 1664 518 1726 illis
542 1674 785 1727 commemorat.
841 1664 914 1745 Qua
945 1665 1014 1726 sola
1049 1686 1161 1727 caussa
1192 1666 1284 1756 Peter

120 1790 299 1843 commotus
322 1790 380 1857 est,
406 1769 441 1842 ut
464 1781 494 1864 (l.
520 1781 539 1842 l.
565 1801 619 1862 pp.
644 1798 688 1858 40
712 1779 772 1863 sq.)
796 1779 970 1843 aflirmaret
994 1780 1142 1842 Cluvium
1166 1781 1285 1870 Rufum

120 1897 213 1959 fuisse
229 1916 433 1959 communem
450 1897 564 1972 Taciti,
586 1896 908 1972 Plutarchi,Suet0nii
925 1895 1057 1970 fontem,
1076 1905 1173 1978 atque
1188 1897 1287 1958 etiam

119 2013 299 2074 Mommsen
323 2013 353 2096 (l.
369 2014 387 2074 l.
414 2033 444 2094 p.
472 1997 547 2095 321‘)
570 2013 626 2074 vix
649 2033 730 2094 opus
744 2034 814 2074 esse
831 2012 900 2074 aliis
917 2014 1112 2092 argumentis
1136 2012 1284 2074 affirmat.

115 2128 242 2190 Tamen
280 2128 432 2190 nonnulla
456 2127 564 2203 affert,
589 2128 705 2209 quibus
743 2129 937 2190 sententiam
976 2149 1067 2189 suam
1105 2128 1287 2190 confirmari

119 2252 219 2325 putat.
282 2242 374 2325 Quae
397 2245 550 2324 quoniam
585 2265 688 2325 pauca
711 2253 793 2318 sunt,
828 2245 898 2325 ipsa
928 2244 995 2326 ejus
1019 2244 1117 2306 verba
1146 2254 1290 2325 repetere

120 2360 235 2421 licebit.
272 2359 360 2421 Dicit
373 2360 473 2420 enim:
495 2358 931 2422 »AlleNachrichtendarin«
952 2397 996 2404 -
1008 2359 1169 2440 significat
1184 2359 1289 2422 Taciti

118 2475 267 2536 historias
291 2484 324 2536 et
346 2472 505 2536 Plutarchi
536 2477 619 2536 vitas
643 2474 766 2537 Galbae
797 2483 829 2536 et
857 2473 997 2537 Othonis
1036 2513 1089 2549 -,
1128 2475 1198 2537 »die
1221 2475 1289 2537 sich

119 2590 178 2651 auf
197 2589 328 2651 Cluvius
351 2590 445 2670 eigne
469 2590 651 2653 Erlebnisse
674 2590 841 2664 beziehen‚
876 2600 989 2671 tragen
1012 2592 1044 2651 in
1068 2612 1104 2652 so
1128 2591 1289 2653 bestimm-

119 2716 168 2766 ter
190 2705 300 2767 Weise
324 2706 386 2767 den
410 2705 555 2787 Stempel
579 2707 635 2769 des
658 2706 896 2781 Persiinlichen,
921 2707 996 2767 dass
1012 2696 1065 2768 sie
1088 2707 1135 2769 als
1159 2708 1289 2769 ebenso-

118 2822 200 2882 viele
231 2817 601 2902 Ursprungs·Zeugnilse
630 2823 739 2902 gelten
773 2821 894 2884 diirsen.
949 2821 1011 2882 Die
1047 2822 1291 2884 »»miindlichen

117 2935 406 3017 Mittheilungenrr
434 2938 491 2998 des
502 2937 664 2999 Secretiirs
688 2939 745 3000 des
760 2937 891 2999 Kaisers
913 2937 1012 3011 Otho,
1038 2937 1212 3013 Secundus,
1239 2939 1291 2999 aul

118 3052 172 3113 die
196 3051 264 3113 sich
287 3051 437 3114 Plutarch
460 3053 574 3129 berust‚
600 3053 664 3115 und
688 3055 739 3114 die
762 3053 845 3115 auch
868 3054 919 3116 bei
936 3052 1068 3116 Tacitus
1092 3054 1155 3115 und
1169 3053 1291 3115 Sueton
1370 3027 1378 3036 .

117 3167 194 3228 dem
210 3166 316 3230 Inhalt
330 3168 412 3230 nach
426 3168 682 3231 wiederkehren«
703 3207 747 3214 --
766 3170 853 3250 quod
874 3169 942 3250 jam
966 3189 1062 3250 supra
1085 3168 1292 3232 refutavimus

116 3321 161 3328 -
191 3303 325 3365 »ρειεεεη
341 3283 503 3346 'ebensalls
531 3284 580 3346 fur
604 3283 734 3346 Cluvius
757 3284 875 3354 Rufus,
901 3287 984 3347 denn
1011 3285 1101 3366 jener
1124 3287 1165 3347 ist
1192 3284 1291 3346 wahr-

117 3398 295 3461 scheinlich
334 3399 391 3460 der
433 3420 491 3462 aus
529 3401 591 3461 den
623 3400 847 3462 Institutionen
884 3395 1077 3480 Quintilians
1116 3401 1180 3462 und
1219 3401 1293 3463 dem

117 3514 244 3596 Dialog
276 3515 333 3576 des
363 3515 495 3577 Tacitus
527 3515 775 3577 wohlbekannte
801 3515 901 3596 Julius
936 3515 1118 3591 SecunduS,
1159 3517 1214 3578 der
1246 3516 1294 3578 als

114 3631 271 3712 jungerer
294 3631 375 3693 Zeit·
398 3631 463 3692 und
487 3631 534 3693 als
557 3629 784 3710 Fachgenosse
812 3631 886 3692 dem
911 3629 1041 3694 Cluvius
1074 3632 1162 3694 nicht
1192 3630 1295 3693 sremd

116 3766 270 3826 gewesen
295 3747 363 3808 sein
386 3746 500 3808 kanna<
536 3747 921 3827 Inquamsententiamio
941 3748 1001 3810 etsi
1022 3748 1090 3828 jam
1114 3747 1295 3809 aNissenio

117 3861 149 3945 (l.
164 3861 185 3923 l.
201 3881 256 3943 pp.
274 3874 288 3940 5
294 3875 400 3941 3o-5
406 3861 459 3945 32)
484 3863 581 3944 plana
597 3861 734 3924 refutata
748 3882 818 3924 esse
841 3863 918 3924 mihi
942 3865 1075 3938 videtur,
1101 3872 1210 3925 tamen
1237 3883 1297 3923 nos

117 3997 257 4058 quoque
281 3978 393 4059 paucis
416 3978 622 4058 inquiramus.
670 3977 722 4039 Ac
757 3979 895 4059 primum
926 3980 1055 4060 quidem
1080 3979 1167 4054 inde,
1208 3978 1296 4059 quod

115 4092 312 4155 Plutarchus
357 4093 462 4154 solum
506 4093 653 4156 Cluvium
694 4103 860 4157 auctorem
890 4095 1015 4170 laudat,
1059 4094 1168 4175 colligi
1209 4093 1297 4155 nullo

195 4268 227 4336 Π)
249 4272 367 4320 »Tacitus
385 4271 436 4319 und
455 4270 565 4320 Sueton«
586 4287 628 4334 pp.
651 4282 682 4333 79
701 4287 740 4335 sq.

195 4366 230 4436 ¹³)
250 4369 284 4418 cs.
305 4369 370 4420 Plin.
391 4384 429 4432 ep.
448 4370 496 4418 IX.
522 4381 552 4430 19
574 4370 609 4418 »si
627 4369 688 4433 quid
706 4370 731 4417 in
750 4370 857 4419 historiis
876 4371 937 4419 meis
956 4372 1042 4434 legis«

196 4463 230 4536 ⁷⁴)
251 4467 283 4519 cs.
303 4469 443 4516 Mommsen
464 4467 479 4517 l.
500 4468 527 4528 l.;
549 4467 692 4531 Nipperdey
710 4469 728 4518 l.
750 4469 766 4519 l.

1093 4560 1137 4622 3*
