3218 5058
248 365 293 430 40

249 562 389 624 amicum
412 569 445 623 et
458 560 647 642 popularem
663 560 754 621 Plinii
765 557 813 640 ⁸²),
839 560 966 640 saepius
992 559 1126 620 summis
1143 559 1248 621 ornari
1265 558 1421 631 laudibus

250 676 422 758 vituperari
461 696 627 756 nusquam.
698 675 782 736 Sane
821 674 883 736 hoc
926 676 1042 755 magis¹
1076 677 1108 736 in
1150 674 1310 736 Plutarchi
1349 674 1424 735 vitis

249 813 414 874 apparere,
440 812 538 872 quam
561 792 593 853 in
625 791 766 853 historiis
790 790 909 866 Taciti,
939 791 1060 872 quippe
1096 790 1150 870 qui
1183 799 1215 851 et
1247 788 1358 851 laudes
1391 790 1423 851 in

249 908 439 988 Verginium
465 915 497 969 et
520 908 771 989 vituperationes
803 907 835 968 in
865 907 1012 968 inimicos
1042 906 1109 986 ejus
1143 905 1189 989 (ut
1219 906 1250 966 in
1286 905 1424 967 Fabium

249 1023 434 1106 Valentem)
478 1023 613 1085 collatas
637 1022 836 1104 aliquantum
861 1021 1018 1084 minuerit.
1077 1021 1125 1083 At
1155 1041 1218 1102 ego
1257 1041 1297 1083 ne
1338 1021 1424 1103 apud

248 1138 453 1201 Plutarchum
478 1138 608 1219 quidem
631 1139 755 1220 reperio
779 1157 878 1198 unum
901 1137 1009 1199 locum
1033 1175 1077 1184 —
1100 1138 1210 1199 laudat
1233 1136 1424 1218 Verginium

249 1254 287 1316 G.
313 1255 342 1316 6.
372 1271 420 1316 10.
451 1257 498 1316 18.
525 1271 576 1316 22.
611 1253 651 1315 O.
687 1271 712 1315 1.
754 1255 790 1315 18
823 1293 868 1300 -
897 1253 949 1314 ubi
981 1254 1155 1335 majoribus
1188 1253 1335 1315 laudibus
1373 1253 1424 1315 hic
1495 1252 1499 1260 ’

250 1378 432 1444 exornetur,
458 1390 555 1450 qnam
580 1369 694 1450 quibus
719 1370 835 1450 dignus
851 1370 996 1431 videatur
1020 1390 1098 1431 esse.
1134 1369 1247 1450 Neque
1260 1369 1422 1449 intellego,

249 1506 313 1566 qua
336 1506 370 1546 re
392 1486 479 1547 nisus
502 1485 618 1547 Nissen
642 1486 748 1547 dicere
771 1485 888 1546 audeat
911 1485 1061 1548 Tacitum
1089 1485 1155 1569 (qui
1171 1494 1425 1547 commemorat

248 1600 439 1682 Verginium
462 1602 495 1662 in
517 1601 658 1662 historiis
682 1593 704 1662 l.
732 1603 760 1662 8.
789 1614 838 1679 52.
866 1616 923 1681 77;
956 1603 992 1663 ll.
1025 1618 1077 1680 49.
1115 1614 1164 1679 51.
1197 1602 1257 1676 68;
1291 1601 1343 1662 ΙΙΙ.
1370 1600 1424 1682 62)

251 1717 400 1779 minuisse
425 1725 457 1779 et
481 1716 600 1792 laudes,
626 1736 706 1797 quas
730 1717 761 1778 in
778 1715 977 1797 Verginium,
1002 1726 1034 1778 et
1057 1717 1319 1799 vituperationes
1345 1737 1424 1796 quas

250 1833 281 1894 in
318 1833 464 1894 inimicos
495 1832 562 1912 ejus
597 1833 777 1894 communis
815 1832 897 1894 illius
929 1831 1026 1894 sontis
1058 1834 1195 1914 scriptor
1219 1831 1421 1906 contulisset3

253 1968 328 2009 nam
352 1969 394 2010 ex
417 1968 489 2009 mea
513 1948 642 2028 quidem
667 1949 825 2010 sententia
849 1950 964 2011 eodem
987 1949 1038 2010 vel
1063 1949 1184 2029 majore
1215 1948 1284 2028 jure
1308 1957 1421 2029 putare

250 2063 324 2125 licet
339 2063 544 2126 Plutarchum
569 2064 678 2126 laudes
702 2085 720 2126 a
741 2063 838 2126 sontis
862 2065 1017 2146 scriptore
1037 2065 1195 2145 Verginio
1219 2064 1364 2138 tributas,
1391 2071 1424 2125 ut

245 2187 320 2240 erat
342 2179 492 2241 laudandi
516 2180 658 2261 cupidus,
685 2181 813 2242 auxisse
836 2188 934 2261 atque
957 2179 1182 2262 amplificasse.
1231 2179 1324 2260 Quae
1348 2200 1424 2240 vero

250 2294 366 2356 Nissen
390 2295 493 2357 addit:
525 2294 649 2357 »Wenn
672 2297 723 2358 die
743 2296 971 2376 Beurthcilung
988 2297 1044 2357 des
1057 2294 1195 2358 Caecina
1214 2315 1278 2356 von
1292 2294 1424 2356 Tacitus

217 2493 219 2498 Ι
251 2410 323 2471 eine
346 2410 537 2492 parteiische
560 2419 703 2492 genannt
725 2411 813 2482 wird,
839 2432 876 2472 so
900 2419 990 2493 passt
1013 2412 1081 2473 dies
1113 2433 1151 2472 zu
1175 2412 1231 2472 der
1254 2411 1340 2486 Zeit,
1373 2431 1424 2471 wo

249 2525 368 2587 Plinius
391 2525 524 2599 schrieb,
550 2525 729 2606 gleichsalls
752 2527 825 2589 sehr
855 2536 922 2607 gut.
979 2527 1073 2588 Denn
1096 2527 1247 2588 wahrend
1281 2525 1419 2588 Caecina

250 2651 342 2704 unter
366 2641 547 2722 Vespasian
571 2642 623 2703 die
646 2641 802 2704 hochsten
826 2642 933 2703 Ehren
965 2643 1160 2716 bekleidete,
1201 2643 1288 2704 ward
1325 2641 1425 2704 durch

249 2757 336 2818 seine
376 2771 417 2836 79
456 2777 561 2837 gegen
592 2757 685 2819 Titus
723 2757 900 2838 gerichtcte
935 2757 1194 2839 Verschwo'rung
1235 2759 1287 2819 die
1325 2757 1423 2818 Mass·

249 2871 401 2952 losigkeit
423 2873 526 2934 seines
551 2872 725 2954 Ehrgeizes
756 2872 824 2934 klar
863 2894 903 2934 an
939 2874 1001 2935 den
1029 2873 1102 2954 Tag
1124 2872 1270 2954 gelegt«,
1309 2872 1424 2934 nullius

249 2988 400 3068 ponderis
424 2996 506 3050 sunt.
554 2987 639 3050 Nam
664 2990 697 3050 id
729 2989 850 3062 solum,
892 2990 1018 3052 etiamsi
1045 3010 1120 3051 vera
1153 2999 1238 3052 esset
1265 2989 1425 3052 sententia

249 3101 321 3178 illa,
356 3105 519 3166 communi
551 3104 639 3166 fonte
667 3103 817 3167 Tacitum
841 3113 873 3167 et
896 3104 1101 3167 Plutarchum
1125 3126 1200 3167 usos
1235 3125 1321 3179 esse,
1362 3103 1424 3165 hac

250 3237 283 3280 re
312 3218 441 3300 probari
465 3229 592 3300 posset,
632 3221 786 3303 scriptum
811 3241 883 3282 eum
908 3241 977 3282 esse
1001 3230 1075 3283 ante
1099 3241 1218 3283 annum
1242 3236 1293 3301 79.

341 3333 555 3397 Transeamus
571 3335 668 3416 igitur
691 3337 732 3398 ad
748 3346 895 3417 quartam
912 3336 1213 3398 Nisseniicaussam.
1244 3335 1420 3398 Contendit

251 3451 337 3512 enim
359 3451 443 3525 inde,
469 3445 716 3533 quod‘scriptor
740 3453 919 3514 communis
947 3453 1030 3514 illius
1063 3452 1160 3514 fontis
1192 3451 1424 3515 consuetudine

249 3565 438 3648 conjunctus
462 3566 557 3629 fuisse
580 3567 725 3628 videatur
748 3588 821 3629 curn
845 3568 1007 3648 Verginiis
1031 3576 1064 3629 et
1088 3565 1241 3642 CaeciniS‚
1271 3568 1424 3648 quodque

255 3681 295 3743 de
309 3680 434 3744 Galliae
445 3680 627 3764 Cisalpinae
650 3683 744 3745 rebus
767 3703 997 3765 nonnunquam
1009 3721 1053 3731 -
1066 3684 1156 3748 locos
1168 3684 1327 3764 intellegit
1342 3684 1420 3746 Tac.

249 3795 322 3858 hist.
347 3797 384 3858 ΙΙ.
411 3813 454 3859 20
477 3819 524 3880 sq.
549 3798 630 3860 Plut.
657 3798 696 3860 O.
722 3799 752 3861 6.
777 3837 821 3844 —
844 3799 970 3861 uberius
1001 3808 1133 3881 agatur,
1158 3820 1256 3881 quam
1288 3821 1347 3882 par
1369 3800 1420 3872 sit,

250 3932 406 3994 apparere
430 3933 519 3988 eum,
549 3915 602 3996 qui
636 3914 758 3976 sontem
787 3935 992 3976 communem
1016 3916 1243 3996 composuerit,
1284 3936 1327 3977 ex
1360 3914 1421 3975 illis

251 4055 466 4066 ——n—-—

321 4105 354 4174 ⁸²)
374 4108 405 4160 cs.
425 4109 483 4158 Plin
506 4124 544 4172 ep.
564 4110 598 4158 Π.
622 4121 645 4169 1,
668 4120 681 4170 7
701 4125 737 4172 sq.
760 4109 836 4157 »mihi
855 4137 887 4145 —
907 4109 949 4174 qui
978 4109 1063 4158 illum«
1086 4108 1198 4176 (Vergin.
1218 4107 1322 4174 Rufum)
1356 4125 1423 4158 »non

252 4207 334 4256 solum
352 4207 466 4271 publice,
487 4207 530 4255 sed
549 4206 623 4254 etiarn
642 4206 774 4270 privatim,
804 4216 924 4270 quantum
947 4207 1101 4268 admirabar,
1140 4216 1236 4255 tantum
1264 4207 1417 4270 diligebam

250 4306 356 4370 primum
375 4305 444 4369 quod
461 4305 556 4369 utrique
575 4304 662 4353 eadem
681 4305 759 4368 regi0‚
781 4305 915 4370 municipia
934 4304 1054 4366 finitima,
1076 4305 1128 4370 agri
1147 4305 1222 4353 etiam
1240 4305 1420 4370 possessiones·

147 4418 150 4424 ’
251 4419 300 4467 que
318 4403 480 4468 conjunctae«
506 4431 536 4438 —
555 4418 577 4452 e.
599 4418 625 4466 q.
647 4419 666 4454 s.
