3218 5058
216 412 270 510 6..

220 624 372 702 Othonis,
404 649 501 709 quam
534 630 608 690 anni
632 630 676 708 69
700 648 750 690 res
778 628 970 691 enarrandas
994 630 1156 711 pertinent
1179 630 1220 714 (v.
1245 651 1271 694 c.
1293 630 1405 694 multa*

218 743 335 818 exiis,
372 765 455 824 quae
490 745 566 807 Tac.
598 745 671 806 hist.
701 762 801 806 1—11
829 745 858 805 ll
885 761 989 826 1—17
1023 746 1231 830 reperiuntur)
1266 747 1394 810 silentio

218 861 458 940 praetermittit,
495 870 527 923 et
551 871 662 923 contra
686 862 762 943 ipsi,
799 861 919 943 quippe
942 861 996 941 qui
1020 882 1103 936 non,
1129 870 1164 923 ut
1187 861 1319 924 Tacitus
1343 884 1394 925 an·

219 975 308 1036 nales
338 976 524 1057 scripturus,
562 975 687 1038 Galbae
717 997 767 1038 res
790 976 832 1038 ab
862 977 953 1038 initio
984 978 1057 1038 anni
1081 977 1125 1056 69
1148 976 1295 1054 demum,
1336 978 1394 1041 sed

219 1100 323 1152 totam
359 1091 441 1154 illius
464 1093 565 1154 vitam
589 1101 759 1173 totumque
782 1093 951 1173 imperium
974 1093 1170 1174 perscribere
1193 1094 1253 1155 sibi
1277 1115 1393 1176 propo-

220 1207 343 1282 suisset,
370 1207 470 1268 multa
494 1217 584 1269 erant
607 1209 762 1269 tradenda
779 1208 869 1292 (Plut.
896 1207 934 1270 G.
965 1207 1091 1290 1-18),
1117 1229 1200 1289 quae
1224 1209 1393 1290 apud‘Ta-

219 1324 318 1386 citum
351 1343 415 1384 non
446 1332 584 1385 exstant.
633 1323 757 1385 Tamen
792 1325 877 1405 apud
907 1323 991 1385 hunc
1024 1345 1152 1405 quoque
1183 1324 1268 1387 haud
1292 1345 1395 1408 pauca

221 1440 318 1500 etiam
342 1440 382 1501 de
395 1425 553 1520 prioribus
567 1438 690 1501 Galbae
714 1440 804 1501 annis
821 1441 1022 1501 inveniuntur
1036 1439 1068 1522 7).
1095 1439 1160 1502 Sed
1180 1441 1278 1502 etiam
1298 1442 1391 1503 omis·

224 1555 268 1616 sis
291 1554 340 1616 his
365 1576 403 1616 ac
426 1555 544 1617 talibus
569 1556 666 1630 locis,
699 1556 823 1636 quibus,
850 1576 905 1617 eur
928 1555 1009 1618 alter
1032 1556 1123 1637 plura
1147 1555 1249 1618 altero
1273 1556 1394 1631 afferat,

223 1691 279 1752 per
302 1691 337 1733 se
361 1670 564 1752 intellegitur,
597 1670 696 1732 modo
719 1671 906 1734 Plutarchus
929 1672 1065 1752 longius,
1087 1680 1184 1753 atque
1208 1673 1394 1747 accuratius,

223 1796 259 1849 ut
280 1788 420 1861 videtur,
452 1807 502 1848 res
525 1786 621 1848 refert
645 1786 770 1861 Tacito,
796 1788 896 1848 modo
919 1787 1051 1849 Tacitus
1073 1786 1260 1862 Plutarcho,
1292 1809 1396 1869 neque

222 1923 295 1964 raro
319 1903 400 1963 inter
435 1923 469 1964 se
492 1911 548 1964 aut
582 1891 747 1984 aliquanto
771 1902 921 1964 differunt
955 1912 1010 1965 aut
1040 1922 1170 1985 prorsus
1205 1913 1393 1985 repugnant.

224 2019 268 2080 Et
291 2019 445 2099 quoniam
469 2019 602 2100 longum
627 2028 676 2081 est
699 2039 812 2081 omnes
843 2019 933 2081 locos
968 2018 1030 2080 huc
1053 2019 1249 2100 pertinentes
1271 2019 1393 2096 afferre,

223 2155 344 2216 paucos
367 2135 702 2197 commemorabimus.
749 2135 890 2196 Primum
914 2127 999 2196 enim
1024 2135 1126 2197 exiis
1150 2135 1245 2210 lociS,
1280 2136 1395 2217 quibus
1442 2153 1446 2162 ’

223 2250 304 2312 alter
338 2250 473 2312 alterum
497 2250 663 2332 diligentia
686 2251 812 2312 videtur
834 2270 992 2331 superare,
1017 2248 1179 2331 proferam
1202 2249 1292 2312 locos
1316 2250 1392 2312 Tac.

224 2366 296 2428 hist.
311 2367 396 2445 1134
414 2388 461 2447 sq.
488 2377 521 2429 et
547 2367 627 2429 Plut.
654 2365 693 2428 O.
723 2382 771 2441 10,
797 2367 850 2428 ubi
874 2386 916 2427 ex
940 2375 1032 2447 parte
1044 2365 1176 2428 Tacitus
1187 2365 1313 2428 uberius
1326 2367 1394 2428 Plu-

225 2483 346 2557 tarch0,
372 2503 414 2544 ex
436 2492 528 2564 parte
540 2482 729 2545 Plutarchus
752 2482 879 2544 uberius
891 2481 1008 2544 Tacito
1032 2503 1081 2544 res
1105 2491 1240 2544 enarrat.
1265 2481 1351 2544 Nam
1363 2483 1395 2544 in

224 2597 391 2660 referendo
414 2599 491 2660 Padi
522 2583 657 2660 transitu
682 2619 700 2660 a
724 2598 907 2660 Vitellianis
931 2598 1081 2660 simulato
1106 2598 1284 2660 Tacitus
1307 2598 1395 2660 solus

223 2723 358 2795 pontem
393 2715 526 2776 navibus
561 2715 709 2776 effectam
744 2715 922 2776 accuratius
946 2715 1113 2789 describit,
1146 2712 1396 2776 Plutarchus

223 2829 311 2892 solus
341 2831 438 2892 tradit
473 2829 690 2905 Othonianos
725 2828 797 2893 cu'm
821 2831 1053 2893 intellexissent
1076 2851 1111 2893 se
1135 2829 1248 2892 frustra
1277 2830 1341 2891 tela
1364 2830 1396 2891 in

223 2946 333 3008 hostes
357 2947 512 3020 emittere,
538 2954 672 3026 pontem
695 2946 785 3007 illum
801 2947 904 3009 taedis
927 2947 1113 3009 incendisse.
1149 2945 1193 3007 Et
1209 2954 1244 3007 ut
1260 2945 1396 3008 alterum

223 3082 405 3144 proponam
428 3061 624 3142 exemplum,
650 3063 754 3124 oratio
778 3083 825 3137 ea,
851 3083 950 3144 quam
973 3061 1162 3124 Plutarchus
1186 3060 1225 3123 G.
1252 3077 1292 3123 22
1318 3061 1396 3128 mili·

223 3186 289 3238 tem
319 3177 481 3259 quendam
504 3176 677 3240 habentem
702 3176 796 3253 lacit,
833 3177 919 3259 apud
943 3177 1093 3240 Tacitum
1116 3177 1189 3239 hist.
1214 3179 1229 3238 Ι
1254 3189 1290 3256 55
1331 3197 1396 3238 non

222 3294 385 3374 reperitur.
423 3294 495 3374 Jam
518 3313 560 3355 ex
583 3293 621 3355 iis
645 3314 774 3375 quoque
796 3293 885 3368 locis,
911 3294 1026 3375 quibus
1047 3292 1128 3355 alter
1151 3293 1288 3373 scriptor
1304 3291 1395 3353 alteri

222 3409 407 3490 obloquitur
422 3406 453 3492 8),
491 3410 572 3471 duos
606 3409 784 3472 asseremus.
834 3408 967 3471 Tacitus
999 3409 1085 3470 enim
1115 3398 1285 3486 hist.'114
1318 3408 1397 3470 dicit

226 3545 369 3606 »pauca
381 3524 560 3606 praefatus«
576 3525 819 3587 -Plutarchus
832 3524 871 3587 G.
887 3541 925 3604 23
949 3523 1065 3610 μηδὲν
1078 3526 1245 3607 προειπών;
1264 3523 1396 3586 Tacitus

222 3640 295 3702 hist.
321 3641 350 3701 Π
368 3658 412 3719 49
451 3641 605 3716 »alterum
628 3642 683 3726 (sc.
709 3639 895 3724 pugionem)
919 3640 1047 3722 capiti
1072 3639 1232 3702 subdidit»
1259 3675 1304 3684 —-
1325 3638 1394 3700 Plu-

222 3755 350 3818 tarchus
374 3755 414 3818 O.
442 3771 479 3836 17
518 3759 670 3840 „barepou
694 3758 748 3842 (sc.
774 3755 870 3844 ξίφος)
900 3755 934 3817 δὲ
962 3751 1007 3827 εἷς
1030 3757 1095 3824 τὰς
1118 3751 1294 3834 ἀγκάλας
1318 3749 1395 3816 ἀνα-

221 3873 358 3954 λαβὼνίί.
382 3873 505 3948 Restat,
531 3882 566 3934 ut
577 3874 619 3934 ad
635 3871 874 3935 similitudinem
887 3869 1181 3933 interPlutarchum
1204 3868 1396 3932 etTacitum

220 3988 470 4050 intercedentem
505 3989 603 4050 etiam
636 3987 814 4051 accuratius
843 3986 1069 4067 explicandam
1104 4005 1396 4048 commemoremus

220 4123 285 4164 non
308 4124 380 4165 raro
403 4123 455 4178 ea,
480 4124 563 4185 quae
586 4104 672 4185 apud
695 4103 831 4165 alterum
854 4102 1043 4183 scriptorem
1066 4121 1130 4162 uno
1154 4102 1228 4164 loco
1251 4121 1394 4182 compre-

292 4296 312 4366 7)
340 4299 371 4351 cs.
401 4301 542 4349 Mommsen
570 4299 716 4348 »Cornelius
742 4299 842 4346 Tacitus
875 4299 926 4347 und
953 4298 1054 4348 Cluvius
1081 4297 1187 4350 Rufus«
1224 4297 1330 4346 Hermes
1359 4297 1396 4347 1v

219 4415 264 4463 pp.
286 4410 480 4461 299-301.-
501 4399 594 4448 Clason
616 4396 747 4447 »Plutarch
766 4397 817 4444 und
835 4395 952 4445 Tacitus«
973 4412 1016 4460 pp.
1037 4408 1152 4460 23—27.

281 4492 302 4564 ⁸)
316 4496 348 4547 cl.
362 4497 432 4546 Peter
443 4496 507 4544 »Die
519 4495 627 4558 Quellen
639 4494 768 4544 Plutarchs
778 4495 802 4543 iu
813 4495 861 4542 den
871 4494 1037 4559 Biographien
1047 4494 1091 4543 der
1102 4495 1210 4544 Romen
1222 4509 1266 4558 pp.
1279 4491 1394 4556 38-40.
