3218 5058
251 423 330 516 ιο

252 618 354 680 δεινῶν
376 619 553 702 λογισμοὺς,
579 615 798 703 ἐκπονοίιριενος
828 618 861 680 δὲ
892 629 960 691 ταῖς
991 623 1125 706 φροντίσι
1158 619 1295 683 σπεῦδειν
1326 615 1419 700 ἐρια-

249 735 438 818 λοψάμενος,
464 731 565 817 ὥσπερ
595 731 655 797 ἀπὸ
678 743 833 820 κρημνοῦ,
870 738 1009 818 μεθεῖναι
1038 739 1075 797 τὰ
1098 739 1263 820 πράγματα
1287 739 1363 818 πρὸς
1386 739 1419 799 τὸ

250 855 405 934 σοντοχόν.
453 846 519 912 Καὶ
550 859 636 912 τοῦτο
673 853 725 934 μὲν
762 850 892 935 διηγεῖτο
921 847 1087 919 Σεκοῦνδος
1111 848 1127 913 ὁ
1152 847 1250 937 ῥήτωρ
1281 848 1330 914 ἐπὶ
1361 863 1418 914 τῶν

249 962 413 1028 ἐπιστολῶν
447 971 607 1053 γενόμενος
636 975 687 1027 τοῦ
716 962 894 1038 Ὄθωνος.“
941 966 1065 1046 Quibus
1094 968 1200 1029 verbis
1233 966 1419 1029 Plutarchus

248 1081 427 1161 significare
463 1061 540 1142 rhihi
573 1082 698 1142 videtur
721 1081 904 1143 Secundum
936 1084 1041 1163 ipsum
1072 1083 1132 1145 sibi
1162 1083 1240 1144 illud
1263 1103 1416 1158 narrasse,
1459 1069 1462 1076 ¹

249 1217 352 1278 neque
376 1196 544 1276 intelleg0,
570 1217 634 1276 quo
656 1197 725 1276 jure
749 1197 864 1260 Nissen
888 1198 918 1282 (l.
945 1199 963 1259 l.
989 1219 1020 1280 p.
1050 1199 1123 1281 507)
1147 1199 1250 1260 dicat:
1290 1199 1354 1260 »Es
1377 1201 1419 1261 ist

247 1313 391 1393 wichtig,
418 1292 649 1387 lestzustellen,
675 1295 749 1375 dass
773 1335 807 1376 es
831 1314 898 1376 sich
922 1315 989 1376 hier
1012 1314 1100 1376 nicht
1124 1335 1178 1375 um
1202 1315 1271 1376 eine
1295 1315 1396 1377 schrif
1408 1353 1417 1360 ·

248 1427 330 1490 liche
346 1429 563 1509 Darstcllung,
589 1430 726 1492 sondern
751 1449 805 1491 um
829 1431 1012 1493 mtindliche
1034 1430 1241 1512 Mittheilung
1264 1431 1413 1493 handelt«

247 1544 346 1627 (quod
363 1564 419 1626 per
435 1546 469 1606 s'e
486 1545 640 1628 apparet).
692 1545 764 1607 »An
787 1546 936 1608 Plutarch
959 1546 1068 1608 kann
1092 1547 1132 1618 di
1141 1545 1281 1608 eselbe
1305 1547 1418 1608 nicht

247 1660 465 1740 gerichtet
488 1681 672 1742 genesen
695 1663 793 1735 sein,
819 1662 890 1722 weil
907 1682 940 1722 er
956 1662 1082 1723 solches
1099 1662 1311 1724 anzumerken
1328 1662 1417 1724 nicht

247 1777 435 1838 unterlassen
466 1776 571 1839 haben
601 1777 709 1836 w'urde
737 1775 811 1859 (vgl.
843 1793 909 1852 14,1
940 1772 1038 1852 „olleo
1070 1781 1123 1860 μὲν
1153 1773 1181 1838 οἱ
1212 1777 1347 1840 πλεῖστοι
1371 1816 1415 1824 -

248 1888 316 1974 ἐμοὶ
345 1888 494 1973 δ’ὕστερον
528 1888 660 1953 ὁδεῦοντι
691 1890 741 1952 διὰ
771 1899 821 1953 τοῦ
855 1891 959 1954 πεδίου
991 1889 1143 1974 Μέστριος
1177 1889 1308 1973 Φλῶρος
1339 1889 1417 1978 ἀνὴρ

246 2003 457 2075 ὑπατικὸς-
481 2005 653 2092 διηγεῖτο).
702 2006 809 2086 Quam
838 2008 880 2070 ob
911 2028 978 2069 rem
1008 2008 1124 2070 Nissen
1154 2010 1319 2070 contendit
1349 2009 1416 2070 Plu-

245 2121 391 2183 tarchum
407 2122 489 2184 hanc
505 2124 719 2193 narrationem
736 2143 800 2184 non
816 2123 858 2186 ab
874 2125 945 2206 ipso
956 2123 1114 2199 Secund0,
1140 2127 1197 2188 sed
1220 2125 1261 2187 ab
1285 2134 1417 2187 auctore

210 2324 213 2331 Ι
244 2259 302 2299 suo
326 2239 492 2319 recepisse.
546 2238 625 2300 Mihi
649 2248 758 2301 autem
782 2250 1007 2321 argumentum
1031 2241 1117 2315 illud,
1143 2262 1207 2321 quo
1224 2243 1416 2304 sententiam

248 2374 340 2416 suam
364 2354 501 2435 probare
525 2363 670 2429 conatur,
704 2356 781 2416 satis
805 2355 938 2443 ¹firmum
961 2374 1165 2433 nequaquam
1188 2358 1313 2418 videtur
1336 2377 1415 2418 esse.

245 2469 380 2551 Spectat
403 2471 487 2531 enim
512 2470 616 2531 solum
640 2471 682 2531 ad
706 2467 817 2553 „spon
842 2478 916 2532 ante
941 2468 1114 2552 ,,διηγεῐτο“
1139 2471 1303 2544 omissum,
1329 2473 1418 2552 quod

245 2606 286 2646 ex
309 2606 382 2647 mea
405 2587 563 2647 sententia
586 2584 756 2647 Plutarcho
780 2605 845 2646 non
868 2604 950 2664 opus
973 2592 1042 2644 erat
1065 2583 1197 2658 addere,
1232 2593 1267 2645 ut
1296 2586 1422 2664 signifi--

244 2711 332 2764 caret
355 2700 415 2764 sibi
439 2702 499 2782 ipsi
524 2701 706 2762 Secundum
730 2700 784 2761 illa
807 2719 961 2761 narrasse.
1001 2698 1113 2780 Atque
1136 2700 1173 2761 iis
1197 2719 1335 2780 quoque,
1361 2702 1415 2779 qui

220 2838 449 2897 communem
474 2816 569 2878 fuisse
594 2817 709 2878 Tacito
733 2824 765 2877 et
788 2815 959 2877 Plutarcho
983 2815 1106 2877 fontem
1130 2816 1280 2890 credunt,
1308 2835 1414 2876 meam

246 2935 437 2998 sententiam
466 2933 723 3014 amplectendam
752 2953 822 2993 esse
849 2921 908 2992 vel'
924 2931 1006 2992 hanc
1030 2932 1073 2993 ob
1097 2952 1243 2994 caussam
1267 2932 1413 3006 arbitror,

244 3051 331 3134 quod
355 3050 486 3111 Tacitus
509 3049 592 3132 (hist.
610 3049 638 3108 ΙΙ
663 3045 716 3130 33)
739 3047 822 3109 hanc
849 3057 953 3110 totam
976 3068 1059 3122 rem,
1091 3048 1131 3108 de
1155 3068 1218 3128 qua
1247 3049 1415 3128 loquimur,

244 3167 370 3228 silentio
394 3165 635 3246 praetermittit,
668 3173 702 3225 ut
725 3164 895 3226 verisimile
919 3165 960 3226 sit
983 3184 1056 3225 eum
1079 3163 1162 3225 hanc
1186 3162 1324 3224 Secundi
1348 3183 1416 3223 nar-

244 3283 401 3344 rationem
425 3282 456 3342 in
487 3280 575 3342 sonte
605 3301 664 3341 suo
694 3300 759 3341 non
789 3282 951 3361 reperisse.
999 3280 1116 3340 Errant
1146 3279 1231 3340 enim
1255 3287 1288 3340 et
1311 3278 1412 3351 Peter,

245 3419 318 3461 cum
342 3397 372 3481 (l.
399 3397 417 3459 l.
444 3417 474 3477 p.
500 3396 554 3479 42)
578 3397 666 3458 dicit:
705 3396 841 3458 «Findet
864 3395 926 3458 sich
950 3394 1034 3456 doch
1059 3393 1150 3456 selbst
1171 3393 1261 3474 jener
1285 3393 1415 3456 Bericht

246 3514 324 3576 uber
347 3514 398 3574 die
421 3514 528 3574 innere
544 3512 676 3574 Unruhc
692 3512 748 3573 des
765 3511 854 3574 Otho
878 3532 937 3573 vor
959 3513 1015 3573 der
1038 3510 1192 3573 Schlacht
1215 3509 1266 3572 bei
1289 3489 1424 3572 Bedria?

245 3650 328 3704 cum,
364 3630 426 3690 den
456 3628 604 3690 Plutarch
635 3627 674 3689 O.
706 3646 727 3707 9
760 3629 842 3689 nach
875 3629 949 3690 dem
979 3628 1105 3689 Rhetor
1135 3627 1301 3689 Secundus
1332 3619 1414 3705 ‘gibt

245 3746 326 3807 auch
343 3745 394 3806 bei
411 3745 542 3807 Tacitus
558 3746 587 3805 ll
604 3762 620 3823 3
627 3762 643 3823 3
663 3745 727 3806 und
748 3761 792 3822 40
808 3743 932 3827 potho
957 3765 1076 3826 pronus
1099 3744 1140 3804 ad
1164 3729 1412 3803 decertandum«

252 3871 284 3923 et
312 3861 445 3942 »quibus
470 3860 559 3922 Otho
583 3862 737 3941 increpita
767 3861 884 3921 ducum
919 3859 1055 3938 segnitia
1085 3878 1152 3919 rem
1185 3859 1215 3918 in
1244 3857 1415 3918 discrimen

252 3978 336 4038 mitti
357 3977 491 4057 jubebat
515 3997 610 4057 aeger
640 3997 731 4037 mora
754 3984 787 4036 et
810 3976 878 4056 spei
902 3973 1105 4055 impatiens«)
1130 3973 1193 4034 und
1217 3971 1304 4034 Suet.
1331 3972 1371 4034 Ο.
1396 3990 1417 4052 9

248 4094 378 4178 (nquam
395 4094 533 4174 primum
550 4102 658 4154 tamen
675 4092 836 4152 decertare
853 4091 973 4164 statuit,
991 4090 1058 4150 sive
1074 4090 1245 4171 impatiens
1262 4088 1416 4168 longioris

248 4209 469 4272 sollicitudinis
486 4218 518 4270 et
534 4229 564 4289 q.
582 4207 658 4289 st),
683 4228 720 4268 so
744 4207 818 4268 dass
843 4207 912 4268 also
936 4205 1079 4268 ossenbar
1102 4206 1184 4267 auch
1207 4206 1294 4267 diese
1317 4203 1418 4266 Stelle

248 4326 299 4388 bci
323 4323 472 4388 Plutarch
501 4332 621 4386 sammt
643 4324 699 4385 der
722 4322 916 4404 Ansuhrung
939 4322 995 4383 des
1019 4321 1184 4384 Secundus
1207 4343 1263 4382 aus
1288 4319 1418 4382 Cluvius

248 4441 350 4504 Rufus
366 4450 573 4504 entnommen
597 4442 654 4506 ist«
683 4449 716 4502 et
731 4440 922 4515 Mommsen,
947 4439 1001 4520 qui
1025 4439 1055 4522 (l.
1082 4438 1101 4501 l.
1126 4459 1157 4520 p.
1184 4436 1259 4520 321)
1283 4437 1417 4499 eandem
