3218 5058
216 379 273 450 ’14

238 615 242 622 .
319 563 526 647 Quamquam
564 571 682 627 autem*
704 557 801 644 longe
830 556 974 645 plurimi,
993 584 997 592 ’
1015 569 1050 623 ut
1071 555 1146 642 jam⁴
1163 556 1245 635 dixi,
1271 555 1412 622 virorum

235 682 425 756 doctorum,
461 682 515 762 qui
546 680 619 743 huic
649 681 691 742 rei
726 679 954 760 disceptandae
989 698 1122 760 operam
1146 677 1317 752 dederunt,
1353 697 1412 758 pro

236 805 327 859 certo
350 797 515 875 affirmant
538 816 744 859 communem
768 794 864 856 luisse
888 793 1004 856 Tacito
1028 802 1060 854 et
1083 793 1254 855 Plutarcho
1279 791 1411 866 sontem,

234 921 344 974 tamen
368 912 445 974 mihi
469 933 535 974 non
559 932 691 993 possum
715 911 909 993 persuadere
933 918 1018 971 recte
1042 930 1098 971 eos
1108 909 1260 990 judicare,
1285 908 1351 982 sed,
1378 916 1414 969 ut

229 1027 298 1108 jam
321 1028 419 1090 libere
442 1027 595 1109 profitear
619 1046 726 1088 meam
749 1009 959 1100 sententiam,
990 1045 1055 1086 non
1078 1023 1195 1086 dubito
1218 1023 1413 1086 contendere

238 1136 447 1205 Plutarchum
467 1143 571 1204 Taciti
604 1142 809 1204 historiarum
832 1142 914 1204 duos
944 1142 1067 1223 primos
1099 1140 1198 1202 libros
1229 1139 1415 1201 adhibuisse

241 1257 373 1320 iontem.
400 1256 497 1337 Quod
510 1258 588 1320 satis
608 1257 708 1319 firmis
731 1258 929 1338 argumentis
952 1278 1004 1319 me
1027 1256 1164 1338 probare
1187 1275 1284 1345 posse
1307 1259 1411 1336 speross

329 1373 382 1435 Ac
405 1374 544 1455 primum
569 1373 699 1454 quidem
723 1375 795 1456 ipso
818 1373 875 1436 illo
899 1382 991 1435 tanto
1014 1374 1095 1435 inter
1107 1373 1223 1435 ambos
1242 1372 1414 1454 scriptores

239 1509 398 1552 consensu
422 1490 665 1570 quodammodo
689 1491 730 1552 ad
743 1489 837 1552 ¹hanc
860 1490 1053 1552 sententiam
1069 1489 1272 1571 perducimur
1285 1485 1330 1570 28).
1356 1487 1415 1548 Per

235 1626 271 1667 se
294 1605 380 1667 enim
411 1614 547 1688 apparet
570 1605 673 1667 multo
697 1605 820 1668 facilius
844 1605 933 1667 illum
956 1604 1110 1686 explicari
1134 1625 1243 1686 posse,
1279 1604 1306 1665 si
1341 1624 1415 1665 eam

236 1721 477 1802 amplectimur;
511 1722 599 1802 quod
622 1722 648 1783 si
679 1721 821 1795 facimus,
858 1720 896 1782 iis
926 1720 1021 1794 lociS,
1058 1719 1172 1800 quibus
1207 1720 1248 1781 ad
1284 1718 1418 1781 verbum

237 1837 336 1899 ambo
360 1845 549 1918 congruunt,
567 1836 754 1899 Plutarchus
778 1845 903 1899 tantum
927 1837 997 1917 ipsa
1021 1835 1119 1898 fontis
1141 1836 1239 1898 verba
1252 1837 1419 1917 excepisse

237 1953 398 2035 putandus
422 1962 489 2028 est;
515 1953 540 2014 si
564 1952 654 2014 illam
676 1954 839 2034 sequimur
862 1953 1057 2035 opinionem,
1082 1953 1190 2026 ambe,
1216 1951 1278 2013 hoc
1292 1951 1415 2014 ¹secisse

238 2069 445 2131 existimandi
480 2078 562 2131 sunt.
610 2067 662 2130 Ac
686 2058 789 2130 simile
810 2069 1017 2150 judicandum
1041 2077 1090 2130 est
1113 2069 1154 2131 de
1189 2077 1239 2129 tot
1262 2069 1300 2129 iis
1325 2068 1413 2142 locis

240 2185 374 2265 quibus,
400 2185 426 2246 si
450 2185 554 2246 minus
577 2185 692 2260 verbiS,
717 2193 826 2247 tamen
850 2205 883 2246 re
906 2185 1004 2246 ambo
1028 2192 1176 2245 accurate
1200 2185 1413 2246 consentiunt.

239 2299 387 2375 Accedit,
413 2300 501 2380 quod
525 2301 572 2374 iis,
597 2301 652 2382 qui
676 2320 881 2362 communem
898 2298 1056 2362 ambobus
1080 2289 1176 2360 fuisse
1193 2299 1316 2361 fontem
1338 2299 1417 2361 arbi-

241 2425 378 2490 trantur,
415 2415 493 2478 illud
521 2437 650 2497 quoque
681 2416 872 2479 sumendum
895 2424 945 2478 est
967 2415 1061 2496 hujus
1097 2414 1194 2477 fontis
1227 2415 1417 2497 scriptorem

241 2551 345 2612 neque
373 2532 501 2612 longius
536 2542 592 2594 aut
621 2533 799 2595 accuratius
834 2552 938 2613 neque
961 2530 1088 2594 brevius
1111 2552 1162 2593 res
1191 2531 1323 2594 solitum
1346 2552 1417 2593 esse

242 2667 397 2721 enarrare,
422 2667 519 2728 quam
533 2648 665 2711 Tacitus
688 2668 753 2710 non
778 2649 876 2710 modo
900 2648 932 2709 in
956 2648 1061 2729 priore
1084 2646 1290 2710 historiarum
1314 2655 1416 2729 parte,

243 2764 299 2825 sed
322 2763 355 2825 in
379 2764 527 2826 omnibus
550 2772 584 2825 et
606 2762 811 2826 historiarum
834 2773 867 2826 et
890 2764 1052 2826 annalium
1083 2762 1170 2826 libris
1198 2763 1261 2826 hoc
1278 2762 1414 2826 laceret.

242 2878 327 2941 Nam
362 2878 487 2941 duobus
518 2879 579 2942 illis
609 2879 697 2943 libris
732 2880 855 2955 eadem,
890 2889 987 2960 atque
1011 2880 1096 2955 aliis,
1133 2880 1257 2944 ratione
1280 2878 1413 2941 Tacitus

243 3015 293 3058 res
317 2996 434 3073 tradit3
459 2996 486 3058 si
509 3016 586 3059 vero
609 2997 790 3059 communis
813 2996 896 3058 illius
920 2995 1017 3058 fontis
1040 2997 1179 3077 scriptor
1201 3005 1257 3058 aut
1280 2995 1418 3069 brevius,

244 3131 342 3192 quam
376 3111 442 3188 ille,
479 3123 535 3176 aut
563 3112 690 3193 longius
713 3133 764 3174 res
787 3120 981 3186 enarrasset,
1017 3112 1063 3174 ita
1093 3121 1129 3173 ut
1152 3112 1284 3174 Tacitus
1307 3110 1418 3184 multa,

244 3247 284 3289 ne
307 3247 327 3288 a
350 3228 474 3289 ratione
512 3249 571 3289 sua
594 3228 753 3290 scribendi
777 3227 970 3302 deflecteret,
996 3227 1134 3308 adjicere
1165 3226 1211 3289 illi
1239 3234 1295 3288 aut
1317 3226 1419 3288 detra·

245 3342 320 3405 here
344 3352 529 3423 cogeretur,
564 3363 630 3405 non
653 3352 782 3424 poterat
804 3343 967 3425 explicari,
992 3344 1158 3425 quomodo
1182 3341 1302 3405 sactum
1326 3350 1420 3415 esset,

246 3468 280 3520 ut
289 3459 488 3534 Plutarchus,
511 3459 564 3540 qui
577 3497 621 3504 -
633 3459 660 3521 si
671 3460 712 3522 ad
728 3479 888 3522 summam
911 3468 1095 3542 spectamus
1111 3497 1155 3506 —
1167 3479 1271 3542 neque
1295 3459 1421 3540 longius

246 3595 350 3656 neque
373 3574 501 3638 brevius'
513 3575 630 3638 Tacito
654 3596 704 3638 res
727 3576 834 3650 tradit,
860 3585 927 3638 tam
952 3595 1049 3657 saepe
1073 3576 1186 3638 eadem
1210 3584 1266 3637 aut
1289 3574 1450 3636 adderet·

248 3699 304 3752 aut
319 3689 510 3753 detraheret.
524 3691 628 3752 —At
657 3700 731 3753 sunt
753 3712 894 3767 caussae,
920 3691 1034 3772 quibus
1058 3691 1153 3773 plane
1176 3691 1420 3762 demonstretur,

249 3806 453 3869 Plutarchum
476 3826 540 3868 non
553 3828 646 3869 usum
668 3827 738 3869 esse
748 3806 873 3900 Tacito.
888 3806 1135 3888 -Diligentius
1147 3807 1243 3888 igitur
1261 3807 1293 3868 in
1309 3827 1364 3868 eas
1379 3807 1422 3866 in-

249 3923 423 4002 quiramus,
448 3932 483 3984 ut
506 3924 763 3986 demonstremus
787 3923 902 3986 nullius
926 3943 996 3985 esse
1020 3924 1186 3986 momenti.

321 4123 353 4193 ²⁸)
373 4127 449 4191 Quod
466 4127 518 4191 jam
538 4127 630 4176 Clason
649 4128 784 4178 contendit.
806 4129 874 4176 Dicit
892 4128 959 4176 enim
978 4129 995 4177 l·.
1011 4129 1029 4178 l.
1051 4145 1077 4192 p.
1099 4141 1133 4178 20
1151 4147 1157 4178 :
1180 4130 1248 4178 »nus
1266 4126 1426 4178 dieserFtllle

251 4239 301 4274 von
319 4225 430 4274 sachlich
449 4226 500 4274 und
509 4225 621 4274 wdrtlich
640 4225 1009 4275 ubereinstimmendenStellen
1028 4226 1089 4275 wird
1105 4227 1179 4290 Jeder
1196 4227 1245 4276 den
1264 4227 1366 4276 Schluss
1384 4224 1430 4272 auf

250 4322 304 4372 eine
323 4323 507 4388 mdglichst
531 4323 618 4374 nahe
636 4323 852 4372 Verwandtschast
880 4323 1002 4374 zwischen
1028 4325 1076 4373 den
1095 4325 1185 4374 beiden
1212 4326 1323 4374 Antoren
1342 4323 1427 4373 ziehen

251 4429 376 4472 mllssen«.
