3218 5058
1272 469 1316 534 43

149 666 287 747 cejanum
310 667 414 729 fratris
447 667 547 729 filium
564 667 686 729 Vitellii
703 669 783 729 iram
800 676 996 729 metuentem
1019 667 1223 730 consolatum
1247 689 1317 729 esse

148 793 239 864 atque
262 784 476 857 admonuisse,
502 792 537 844 ut
565 792 690 847 »erecto
713 785 822 846 animo
846 794 1030 866 capesseret
1053 785 1153 845 vitam
1178 804 1237 845 neu
1263 804 1314 865 pa-

149 910 249 974 truum
288 899 347 961 sibi
385 899 550 962 Othonem
589 899 685 962 fuisse
721 909 775 962 aut
811 901 1051 962 oblivisceretur
1087 921 1226 980 unquam
1263 885 1318 961 aut

148 1016 276 1077 nimium
301 1016 526 1078 meminisset«
577 1015 628 1076 Ac
653 1016 838 1078 Plutarchus
863 1017 902 1078 O.
936 1018 973 1078 16
1004 1018 1117 1079 eadem
1140 1017 1190 1078 his
1213 1015 1318 1077 verbis

148 1132 254 1194 tradit:
296 1128 508 1209 „³Erretro‘dt‚
543 1129 641 1207 εἶπεν,
666 1129 690 1194 ὦ
720 1143 775 1196 παῖ
805 1137 1021 1218 παρεγγυῶμαί
1057 1154 1104 1196 σοι
1132 1133 1317 1206 τελευταῖον,

150 1253 220 1333 μήτε
244 1243 454 1311 ἐπιλαθέσθαι
478 1251 652 1311 παντάπασι
678 1253 752 1334 μήτε
778 1247 855 1329 ἄγαν
881 1251 1086 1335 μνημονεὺειν,
1109 1245 1153 1311 ὅτι
1170 1244 1318 1330 Καίσαρα

149 1365 230 1426 θεῖον
254 1363 377 1448 ἔσχες.“
419 1363 482 1444 Qui
506 1357 568 1425 loci
593 1365 744 1444 quoniam
770 1365 1009 1427 accuratissime
1033 1365 1244 1437 consentiunt,
1270 1365 1317 1434 iis.

147 1480 198 1560 qui
220 1463 424 1542 Plutarchum
449 1479 564 1541 Tacito
588 1500 652 1541 non
675 1500 768 1541 usum
792 1501 861 1542 esse
884 1481 1085 1555 existimant,
1111 1502 1129 1542 a
1153 1481 1317 1541 communi

147 1594 231 1657 fonte
255 1616 293 1657 ac
315 1593 464 1657 Nissenio
488 1597 616 1676 quidem
641 1618 658 1658 a
683 1595 785 1657 Plinio
810 1596 973 1677 repetendi
998 1606 1080 1658 sunt.
1121 1595 1186 1658 Sed
1210 1605 1319 1677 potest

147 1714 200 1779 vix
223 1713 331 1792 negari
355 1711 475 1772 ultimis
492 1711 632 1774 Othonis
655 1711 760 1774 verbis
784 1711 877 1796 (lneu
903 1721 1051 1794 patruum
1075 1713 1135 1773 sibi
1153 1711 1319 1773 Othonem

147 1828 240 1890 fuisse
273 1838 327 1889 aut
360 1827 600 1890 oblivisceretur
632 1848 772 1908 unquam
796 1837 851 1889 aut
875 1829 1008 1920 nimium
1034 1829 1248 1890 meminisset«
1276 1846 1327 1872 —'

148 1995 167 2020 ,‚
191 1949 243 2030 ήτε
278 1942 355 2024 ἄγαν
381 1945 598 2029 pupulensi,
628 1939 671 2007 ὅτι
693 1940 841 2027 Καίσαρα
865 1945 951 2008 θεῖον
976 1943 1101 2029 ἔσχεςίί)
1124 1945 1319 2018 vaticinium,

146 2060 232 2140 quod
250 2061 369 2134 dicunt,
395 2069 470 2141 post
486 2049 637 2121 euentum
653 2061 817 2123 contineri.
850 2061 1004 2140 Legimus
1031 2061 1116 2121 enim
1140 2060 1226 2141 apud
1243 2059 1319 2121 Sue·

148 2177 270 2238 tonium
294 2175 427 2260 (Domit.
458 2174 522 2258 Iol:
561 2176 759 2237 »Interemitr
794 2175 1021 2260 (Domitianus)
1056 2175 1217 2237 »Salvium
1244 2175 1320 2238 Coc-

147 2292 301 2374 cejanum‚
349 2291 436 2371 quod
461 2289 601 2353 Othonis
629 2291 831 2372 imperatoris
865 2293 969 2374 patrui
1000 2293 1048 2353 sui
1071 2292 1157 2354 diem
1181 2291 1321 2353 natalem

147 2407 391 2468 celebraverat«
429 2407 540 2488 Atque
558 2406 692 2468 mirifico
708 2409 850 2488 quodam
866 2417 898 2470 ct
915 2407 1090 2470 incredibili
1108 2429 1183 2470 casu
1201 2406 1322 2470 factum

147 2531 246 2597 esset,
284 2524 309 2584 si
341 2522 430 2585 Otho
460 2545 492 2585 re
523 2544 598 2584 vera
629 2521 809 2603 Coccejano
840 2523 893 2585 illa
924 2523 1022 2586 verba
1052 2524 1186 2586 dixisset
1217 2523 1323 2585 ethic

147 2639 256 2701 multis
285 2639 376 2701 annis
400 2648 475 2721 post
500 2638 542 2700 ob
566 2639 649 2700 hanc
673 2640 776 2720 ipsam
800 2660 880 2714 rem,
911 2637 1008 2720 quod⁴
1030 2641 1182 2700 »nimium
1212 2639 1321 2700 memi-

146 2755 263 2818 nisset«
301 2756 422 2836 patrui,
455 2755 613 2836 supplicio
644 2756 777 2818 aflectus
808 2764 901 2818 essct.
953 2755 1060 2817 Aliter
1089 2756 1173 2816 enirn
1207 2775 1256 2816 res
1289 2776 1323 2816 se

146 2869 288 2945 haberet,
314 2872 340 2932 si
357 2870 446 2933 Otho
463 2871 552 2932 illum
570 2873 755 2946 monuisset,
781 2892 820 2933 ne
836 2873 1004 2953 imperium
1029 2880 1208 2953 appeteret,
1233 2872 1324 2951 sique

146 2986 358 3069 CoccejanuS‚
393 2989 480 3068 quod
505 2996 614 3049 tamen
637 2989 700 3051 hoc
724 2987 864 3062 fecisset,
899 2987 1083 3050 interiectus
1107 2997 1200 3049 esset.
1249 2987 1323 3048 Hoc

145 3105 241 3178 enim,
267 3105 292 3165 si
311 3103 508 3185 Coccejanus
524 3106 708 3167 dominandi
727 3104 837 3166 suisset
861 3103 1003 3184 cupidus,
1029 3104 1211 3184 praesagire
1233 3102 1323 3164 Otho

145 3220 253 3300 potuit
268 3258 312 3265 —
327 3220 404 3281 illud
421 3220 503 3282 vatis
520 3230 577 3282 est.
613 3220 719 3301 Quam
744 3221 786 3281 ob
810 3240 877 3281 rem
901 3240 960 3302 pro
984 3229 1073 3281 certo
1097 3219 1322 3281 affirmandum

144 3356 217 3398 esse
253 3337 403 3398 existimo
433 3375 478 3382 —-
510 3338 597 3418 quod
628 3357 667 3398 ne
690 3336 805 3398 Nissen
836 3338 966 3416 quidem
989 3345 1087 3416 negat
1111 3336 1152 3417 (p.
1181 3334 1255 3417 544)
1278 3372 1323 3379 —

144 3451 246 3512 verba
270 3452 323 3513 illa
348 3450 487 3514 Othonis
512 3451 552 3514 ab
576 3473 615 3514 eo
639 3453 794 3534 scriptore
819 3453 893 3515 ficta
917 3473 999 3524 esse,
1027 3453 1081 3532 qui
1106 3461 1181 3533 post
1205 3450 1322 3513 Cocce-

142 3567 213 3648 jani
231 3577 378 3641 mortem,
404 3569 421 3629 i.
440 3590 466 3630 e.
484 3588 549 3629 non
566 3577 640 3630 ante
656 3568 834 3630 Domitiani
851 3569 1029 3648 imperium,
1055 3568 1221 3629 historiam
1240 3565 1324 3627 illius

144 3685 305 3764 temporis
329 3685 505 3766 descripsit.
554 3669 635 3746 Cum
666 3704 742 3745 vero
772 3684 890 3745 Plinius
919 3684 987 3764 jam
1014 3704 1099 3744 anno
1125 3699 1166 3766 79
1190 3683 1324 3744 Vesuvii

144 3801 316 3880 eruptione
349 3801 480 3881 periisse
511 3801 712 3862 notissimum
744 3801 801 3874 sit,
838 3821 879 3861 ex
910 3820 981 3860 mea
1012 3800 1143 3879 quidem
1167 3799 1325 3860 sententia

142 3915 204 3976 vix
220 3915 358 3977 dubitari
383 3898 500 3997 potest,
526 3917 602 3997 quin
626 3915 689 3977 hoc
712 3925 797 3978 certe
821 3915 895 3977 loco
911 3915 1030 3977 Plinius
1054 3935 1119 3976 non
1143 3914 1237 3976 fuerit
1260 3935 1324 3976 am·

143 4031 265 4092 borum
295 4033 487 4112 scriptorum
522 4041 634 4093 auctor
669 4032 857 4093 communis.
906 4030 980 4111 Quo
1014 4052 1056 4092 ex
1079 4030 1266 4093 dilemmate
1291 4039 1326 4091 ut

143 4147 300 4228 effugiat,
338 4147 454 4210 Nissen
478 4147 543 4231 (pp.
573 4161 636 4226 544
658 4146 742 4230 sqq.)
765 4148 863 4208 sumit
898 4147 1033 4232 Plinium
1058 4147 1214 4209 minorem
1238 4155 1324 4220 natu,

143 4264 199 4326 cui
238 4263 430 4326 »avunculus
465 4265 614 4344 idemque
644 4284 702 4345 per
733 4263 943 4348 adoptionem
971 4272 1080 4348 pater«
1106 4260 1144 4348 84)
1175 4261 1325 4324 historias

222 4466 255 4538 ⁸⁴)
276 4471 341 4520 Plin.
362 4486 403 4536 ep.
425 4471 449 4519 V
468 4469 492 4521 8.
513 4480 539 4537 5.
