3218 5058
1265 445 1308 512 61

139 645 271 729 priores,
296 652 405 709 tamen
421 644 459 708 iis
482 625 638 728 probatur
660 624 725 708 non
749 625 864 708 eodem
887 663 926 708 ac
948 625 1064 728 postea
1087 625 1218 708 auctore
1239 643 1307 706 Plu-

140 763 286 826 tarchum
314 762 367 826 hic
397 782 490 824 usum
514 782 601 838 esse;
632 781 707 824 nam
730 763 757 824 si
780 762 843 824 hoc
867 761 1003 836 fecisset,
1028 761 1117 823 locos
1140 760 1213 822 illos
1236 749 1308 823 con·

136 880 304 961 junxisset.
329 916 373 924 -
397 878 490 959 Quae
512 897 585 940 curn
609 878 654 939 ita
677 879 753 952 sint,
778 877 925 940 dubitare
947 877 1004 939 vix
1026 895 1206 959 possumuS,
1231 877 1308 957 quin

139 996 299 1076 posterior
321 994 375 1056 ille
398 1004 510 1057 auctor
533 993 665 1056 Tacitus
689 993 790 1055 fuerit.
832 993 917 1054 Nam
939 993 966 1055 ‘si
990 992 1101 1056 fuisset
1124 991 1213 1067 alius,
1240 992 1307 1054 Plu-

138 1110 267 1172 tarchus
290 1111 321 1172 in
344 1111 450 1192 priore
472 1129 601 1191 quoque
624 1119 715 1190 parte
739 1128 813 1170 eum
836 1108 1041 1171 adhibuisset.
1088 1107 1176 1170 Nihil
1199 1117 1307 1170 autem

138 1226 291 1308 impedit,
327 1227 498 1308 quominus
530 1245 602 1287 eam
636 1245 717 1299 rem,
753 1225 840 1306 quod
871 1224 957 1286 haud
979 1225 1024 1287 ita
1048 1244 1119 1287 raro
1135 1221 1186 1306 109)
1210 1225 1308 1286 etiam

137 1341 218 1404 inter
242 1342 345 1423 prima
368 1341 423 1403 illa
439 1339 562 1404 Galbae
584 1341 671 1403 vitae
693 1341 800 1421 capita
824 1349 857 1402 et
880 1339 985 1402 Taciti
1009 1340 1158 1402 historias
1182 1359 1309 1402 summa

136 1457 312 1519 similitudo
346 1457 522 1532 intercedit,
559 1457 604 1519 ita
627 1455 834 1538 explicemus,
858 1463 894 1517 ut
917 1464 1066 1536 putemus
1090 1455 1304 1531 Plutarchum,

136 1574 196 1635 etsi
226 1573 259 1635 in
287 1573 469 1635 universum
506 1571 569 1634 alio
599 1571 689 1634 fonte
718 1571 769 1634 vel
804 1571 874 1634 aliis
903 1570 1045 1634 sontibus
1075 1571 1126 1633 hic
1155 1572 1308 1634 utendum

136 1690 165 1750 ei
198 1698 282 1764 erat,
316 1698 425 1751 tamen
460 1709 498 1750 ea
532 1707 677 1769 quoque,
722 1707 804 1768 quae
841 1687 997 1768 ejusmodi
1036 1686 1121 1768 apud
1156 1664 1306 1749 Taciturn

135 1805 265 1880 invenit,
301 1814 336 1866 ut
370 1805 411 1867 a'd
445 1804 525 1866 haec
559 1805 770 1885 quadrarent,
806 1820 889 1885 quae
922 1804 1033 1886 primis
1062 1801 1124 1864 illis
1146 1802 1307 1884 capitibus

135 1921 307 1983 traditurus
335 1928 421 1995 erat,
452 1920 485 1981 in
513 1940 595 2002 opus
627 1900 723 1981 suurn
752 1920 934 1996 inseruisse;
971 1929 1021 1994 ut,
1058 1938 1141 1999 quae
1164 1918 1205 1980 de
1228 1899 1306 1979 Tito

136 2036 236 2099 Vinio
271 2036 403 2099 Tacitus
437 2035 510 2098 hist.
545 2036 559 2097 Ι
593 2036 636 2113 48
672 2034 787 2110 refert,
830 2035 916 2117 apud
950 2034 1166 2097 Plutarchum·
1193 2032 1231 2095 G.
1265 2049 1302 2095 12

136 2152 335 2214 adverbum
359 2151 424 2213 sere
448 2171 601 2233 expressa
624 2158 763 2213 exstant.

224 2267 337 2348 Atque
378 2267 460 2329 haec
501 2267 631 2348 quidem
672 2266 840 2342 hactenus;
883 2266 952 2348 jam
995 2285 1068 2328 earn
1108 2263 1307 2349 proferamus

134 2404 291 2458 caussam,
316 2403 423 2465 quam,
449 2383 575 2445 etiamsi
592 2381 677 2445 haud
697 2383 883 2464 ignoramus
907 2381 1021 2444 nullius
1046 2403 1116 2444 esse
1139 2383 1305 2458 momenti,

133 2498 193 2562 nisi
225 2508 320 2561 antea
355 2517 543 2561 concessum
579 2499 620 2560 sit
653 2517 686 2559 re
718 2517 794 2560 vera
817 2497 1021 2560 Plutarchum
1052 2507 1128 2580 post
1156 2498 1307 2560 Tacitum

133 2616 217 2677 vitas
240 2613 365 2677 Galbae
387 2624 420 2677 et
444 2613 584 2677 Othonis
608 2614 830 2695 descripsisse,
855 2622 974 2685 tamen,
1000 2615 1154 2695 quoniam
1176 2614 1306 2676 demon-

132 2731 302 2793 stravimus
318 2731 380 2794 hoc
395 2730 566 2793 verisimile
580 2750 661 2805 esse,
685 2730 813 2792 silentio
836 2730 1007 2811 praeterire
1030 2729 1188 2792 nolumus.
1222 2729 1307 2791 Nam

133 2847 159 2908 si
176 2855 263 2909 recta
279 2856 329 2909 est
344 2847 399 2909 illa
422 2847 542 2928 opinio,
566 2845 619 2908 vel
642 2845 725 2908 hanc
749 2845 792 2908 ob
816 2866 883 2908 rem
907 2856 1159 2909 consentaneum
1181 2845 1307 2907 videtur

132 2961 337 3025 Plutarchum
372 2964 444 3044 ipso
467 2963 601 3037 Tacit0,
637 2982 702 3024 non
731 2961 795 3023 alio
826 2970 957 3025 auctore
980 2981 1073 3024 usum
1089 2972 1180 3036 esse,
1217 2961 1307 3043 quod

132 3078 184 3141 hic
218 3087 343 3140 ceteros
377 3099 490 3140 omnes
524 3077 628 3159 gloria
655 3077 882 3158 praecedebat,
919 3085 955 3140 ut
990 3077 1132 3140 maxime
1155 3078 1307 3139 idoneum

131 3192 302 3256 Plutarcho
326 3215 361 3256 se
385 3193 560 3276 praeberet.
608 3192 657 3255 At
680 3213 745 3256 non
768 3194 795 3254 is
819 3201 888 3256 erat
910 3192 1111 3268 PlutarchuS,
1145 3193 1200 3274 qui
1224 3193 1305 3274 opti-

76 3345 83 3362 ·
132 3329 203 3371 mos
218 3317 344 3372 tantum
367 3310 539 3391 scriptores
562 3309 667 3372 fontes
690 3309 865 3371 adhiberet.
900 3306 1070 3386 Concedo,
1095 3328 1199 3390 neque
1221 3329 1306 3389 nego

132 3446 205 3487 eum
222 3427 248 3488 si
272 3447 338 3506 quo
354 3424 481 3487 Graeco
505 3435 636 3488 auctore
659 3427 704 3487 uti
729 3425 896 3506 potuisset,
921 3424 984 3486 hoc
1008 3424 1165 3487 facturum
1190 3425 1302 3501 suisse;

131 3561 203 3603 cum
220 3551 328 3605 autem
344 3541 407 3603 hoc
424 3561 487 3601 non
511 3548 631 3622 posset,
656 3559 763 3602 nonne
786 3548 882 3621 putas
906 3560 980 3601 eum
1004 3539 1103 3602 talem
1119 3541 1305 3602 Romanum

131 3658 320 3739 scriptorem
359 3656 555 3732 adhibuisse,
598 3656 652 3736 qui
687 3655 791 3737 gloria
825 3655 940 3717 ceteris
982 3657 1118 3718 anteiret
1152 3656 1306 3738 cujusque

130 3774 248 3855 scripta
278 3773 362 3836 hanc
391 3774 494 3854 ipsam
519 3772 653 3835 obrem
677 3770 841 3834 celerrime
863 3771 896 3832 in
919 3772 1100 3852 provincias
1131 3770 1305 3834 ferrentur?

220 3889 392 3971 Reliquum
428 3897 493 3964 est,
530 3897 565 3950 ut
600 3907 697 3949 coner
730 3888 952 3950 demonstrare
983 3887 1144 3949 nonnullis
1176 3908 1306 3969 quoque

131 4005 288 4068 erroribus
311 4004 472 4068 Plutarchi
496 4041 539 4050 -
562 4004 648 4067 haud
671 4003 756 4066 enim
784 4023 857 4065 raro
879 4002 997 4064 erravit
1020 4039 1063 4049 -
1087 4022 1195 4065 meam
1218 4023 1303 4065 com·

130 4130 342 4142 σι--ι--ι

201 4180 245 4252 ¹⁰⁹)
264 4184 312 4234 loci
330 4185 379 4233 huc
397 4189 535 4247 spectantes
554 4182 652 4232 collecti
670 4191 727 4232 sunt
745 4181 938 4232 aMommsenio
956 4181 973 4233 l.
993 4181 1010 4232 l.
1029 4198 1071 4248 pp.
1092 4194 1241 4245 299-301;
1263 4182 1305 4245 qui

129 4291 211 4332 tamen
240 4299 283 4332 eos
315 4298 414 4346 quoque
439 4281 509 4330 locos
533 4281 616 4342 affert,
650 4280 693 4329 ubi
718 4280 854 4330 similitudo
880 4281 942 4330 inter
961 4280 1076 4330 Tacitum
1100 4287 1124 4329 et
1143 4278 1302 4330 Plutarchum

129 4398 179 4431 non
199 4380 279 4448 major
291 4381 386 4430 videtur
405 4396 466 4441 esse,
487 4395 563 4444 quam
576 4387 602 4428 ut
615 4379 690 4429 etiam
708 4395 755 4428 uos
773 4379 909 4428 concedere
927 4378 1050 4442 possimus
1068 4394 1124 4428 earn
1143 4393 1173 4428 ex
1191 4377 1304 4442 ejusdem

134 4479 208 4529 sontis
226 4495 271 4528 usu
290 4479 428 4544 profectam
446 4493 505 4530 esse.
