3218 5058
1172 359 1176 364 ⁵
1269 405 1313 472 45

142 599 306 681 intelleg0,
332 619 396 682 quo
418 599 487 682 jure
502 599 618 665 Nissen
641 602 683 686 (p.
705 600 778 685 547)
802 602 888 664 dicat
910 599 1046 664 Plinium
1070 604 1313 685 quodammodo

142 716 322 797 significare
357 717 445 779 illam
477 739 570 779 suam
605 720 855 800 recognoscendi
886 739 1018 799 operam
1047 719 1096 782 his
1119 720 1225 782 verbis
1249 719 1310 803 (ep.

142 834 190 895 VI
218 833 265 894 16.
292 849 310 894 2
340 832 401 917 sq.)
429 835 593 915 »quamvis
624 837 711 917 ipse«
739 835 868 920 (Plinius
900 834 1004 915 major
1036 833 1124 918 natu)
1158 834 1313 917 »plurima

142 969 241 1030 opera
264 958 297 1011 et
320 969 469 1010 mansura
493 951 688 1026 condiderit,
720 951 856 1012 multum
883 959 992 1012 tamen
1015 951 1221 1032 perpetuitati
1245 951 1313 1032 ejus

141 1066 334 1146 scriptorum
369 1074 496 1126 tuorum
527 1067 698 1129 aeternitas
727 1067 833 1130 addet.
881 1067 1041 1148 Equidem
1075 1067 1189 1129 beatos
1221 1076 1311 1148 puto,

141 1182 257 1262 quibus
291 1181 425 1242 deorum
458 1202 588 1244 munere
622 1183 734 1245 datum
764 1193 814 1246 est
848 1191 904 1244 aut
936 1183 1040 1246 lacere
1067 1183 1235 1246 scribenda
1258 1193 1314 1246 aut

141 1297 279 1359 scribere
301 1297 451 1378 legenda,
477 1299 680 1361 beatissimos
703 1319 796 1373 vero,
822 1299 937 1380 quibus
961 1309 1139 1380 utrumque.
1187 1300 1312 1362 Horum

140 1414 173 1475 in
188 1433 321 1475 numero
337 1414 511 1496 avunculus
527 1434 617 1476 meus
641 1423 674 1476 et
696 1416 761 1476 suis
784 1413 871 1477 libris
895 1423 927 1478 et
951 1415 1013 1478 tuis
1037 1417 1127 1478 erit«.
1144 1452 1188 1462 -
1205 1415 1312 1496 Quam

141 1527 184 1590 ob
208 1548 284 1604 rem,
310 1530 463 1610 quoniam
479 1505 598 1592 Plinius
621 1551 656 1592 se
679 1531 907 1610 recognovisse
930 1530 1077 1593 avunculi
1100 1531 1249 1593 historias
1273 1552 1313 1594 ne

140 1643 240 1706 verbo
268 1645 398 1724 quidem
426 1646 456 1706 in
489 1645 633 1726 epistolis
661 1655 911 1720 commemorat,
945 1665 1004 1727 pro
1036 1655 1125 1708 certo
1152 1646 1322 1712 affirmare.

140 1780 311 1840 possumus
324 1781 397 1822 eum
412 1779 476 1822 non
489 1761 667 1843 suscepisse
690 1761 773 1823 hunc
797 1762 949 1830 laborem.
1001 1761 1115 1843 Neque
1124 1763 1209 1824 enirn
1219 1763 1312 1825 ullius

140 1877 295 1937 momenti
335 1886 425 1950 sunt,
462 1897 544 1958 quae
579 1876 695 1939 Nissen
729 1877 770 1938 ad
800 1877 1027 1958 explicandum
1057 1878 1147 1939 Plinii
1181 1878 1312 1940 minoris

140 2000 217 2053 natu
241 1993 281 2054 de
311 1991 372 2054 hac
402 2013 436 2054 re
466 1992 627 2054 silentium
656 1991 778 2073 profert
800 1993 869 2075 (pp.¹
895 1994 957 2072 546
981 1992 1055 2076 sq.):
1085 1994 1139 2055 »In
1162 1994 1236 2056 dem
1260 2014 1311 2075 ge·

140 2116 299 2169 sammten
322 2107 546 2170 Brieswechsel
578 2108 678 2170 findet
706 2107 768 2170 s1ch
796 2107 878 2170 auch
906 2109 995 2171 nicht
1018 2111 1070 2172 die
1093 2109 1220 2172 leiseste
1245 2110 1309 2172 An·

140 2224 283 2304 deutung
317 2243 382 2284 von
418 2224 503 2284 einer
543 2223 690 2285 sruheren
726 2223 914 2305 Thatigkeit
947 2226 1004 2286 des
1039 2224 1224 2289 Schreibers
1258 2226 1316 2288 aul

140 2339 359 2414 historischem
384 2337 509 2401 Gebiet.
571 2340 649 2401 Dies
686 2341 728 2402 ist
756 2339 829 2402 sehr
852 2340 1052 2420 begreiflich;
1087 2342 1171 2404 denn
1194 2342 1311 2405 einmal

139 2453 229 2518 hatte
253 2475 286 2517 er
308 2455 360 2517 bei
384 2456 440 2517 der
464 2455 546 2517 total
570 2457 779 2518 veranderten
802 2456 990 2536 politischen
1015 2456 1174 2538 Sachlage
1197 2457 1312 2520 keinen

141 2569 252 2632 Grund
280 2569 342 2633 sich
371 2572 457 2633 einer
487 2570 614 2632 solchcn
647 2593 685 2632 zu
715 2571 849 2634 rlihmen
885 2573 949 2633 und
984 2573 1133 2635 zweitens
1160 2594 1226 2635 war
1256 2575 1313 2636 der

141 2685 350 2748 Schlusstheil
375 2688 431 2749 des
455 2687 591 2749 Werkes
615 2687 715 2749 durch
739 2689 790 2749 die
814 2687 939 2749 Bucher
962 2689 1019 2750 des
1043 2688 1190 2764 Tacitus,
1215 2690 1312 2752 deren

139 2801 439 2883 Verdffentlichung
469 2813 551 2864 etwa
580 2803 640 2864 mit
667 2803 741 2864 dem
761 2803 787 2883 J.
817 2819 879 2865 100
918 2805 1066 2884 beginnt,
1099 2805 1200 2885 vollig
1223 2806 1311 2869 tiber-

139 2917 209 2980 holt
225 2918 289 2979 und
302 2919 486 2998 ‘verdriingt
508 2919 647 2980 worden.
686 2919 748 2980 Ein
771 2940 808 2980 so
832 2919 984 2982 delicates
1001 2919 1201 2983 Verhaltniss
1224 2923 1309 2998 aber,

139 3034 198 3095 wie
214 3032 340 3095 solches
357 3033 514 3096 zwischen
538 3035 600 3096 den
624 3033 739 3096 beiden
755 3033 873 3096 Plinius
897 3034 961 3096 und
985 3035 1086 3098 ihrem
1108 3037 1312 3118 glucklichen

138 3149 364 3212 Nebenbuhler
380 3149 525 3226 bestand,
550 3171 608 3212 vor
624 3152 682 3212 das
698 3151 819 3211 Forum
835 3151 892 3212 des
908 3150 1101 3214 Publicum's
1126 3173 1163 3214 zu
1187 3153 1308 3228 ziehen‚

138 3265 351 3347 widersprach
384 3266 577 3328 ehensosehr
611 3267 685 3328 dem
722 3266 897 3329 Charakter
931 3267 987 3328 des
1019 3267 1229 3332 Brieistellers
1264 3257 1322 3332 als·

139 3381 211 3442 dem
250 3382 353 3443 seiner
391 3382 631 3464 ausgewahlten
668 3381 960 3464 Correspondenz.«
1023 3382 1187 3447 Concedet
1226 3386 1311 3447 enim

139 3498 272 3578 quisque
295 3498 431 3559 Plinium
463 3518 529 3560 non
553 3519 625 3560 eum
650 3497 762 3574 luisse,
793 3498 847 3578 qui
878 3498 1004 3561 labores
1032 3521 1107 3562 suos
1135 3510 1168 3563 et
1198 3503 1311 3563 merita

139 3612 327 3687 occultaret,
361 3633 465 3694 neque
493 3614 525 3675 in
556 3614 700 3695 epistolis
724 3614 804 3689 suis,
837 3616 952 3694 quibus
981 3625 1137 3696 quantum
1171 3625 1309 3698 poterat,

139 3728 240 3789 lucem
257 3728 393 3811 sibiipsi
418 3729 531 3791 afferre
554 3731 684 3805 studuit,
709 3731 735 3792 si
761 3731 1003 3811 recognovisset
1026 3741 1058 3793 et
1081 3732 1312 3812 amplificasset

138 3843 283 3905 avunculi
306 3844 465 3921 historias¹
491 3845 553 3907 hoc
577 3866 831 3908 commemorare
853 3847 1047 3908 omissurum
1072 3847 1176 3910 fuisse.
1218 3849 1310 3930 Quae

138 3979 209 4020 cum
226 3961 271 4021 ita
287 3961 359 4036 sint,
385 3961 523 4023 dubitari
548 3982 612 4023 non
637 3971 754 4043 potest,
780 3963 856 4044 quin
880 3961 943 4024 hoc
967 3984 1031 4025 non
1056 3962 1174 4026 lecerit.
1212 3965 1310 4046 Quod

138 4076 261 4137 etiamsi
278 4097 484 4152 sumeremus,
511 4086 619 4140 tamen
634 4078 819 4159 —quade
843 4100 876 4141 re
897 4079 965 4160 jam
989 4100 1085 4161 supra
1109 4080 1249 4142 diximus
1264 4119 1308 4127 -

76 4245 78 4262 ,
137 4210 200 4253 non
224 4194 472 4255 concederemus
500 4214 573 4256 eum
606 4194 660 4256 illa
695 4215 824 4275 quoque
848 4194 988 4257 Othonis
1016 4196 1115 4259 verba
1138 4197 1308 4260 addidisse.

139 4307 261 4390 Quibus
285 4308 379 4371 rebus
403 4310 560 4391 expositis
590 4311 668 4373 satis
699 4311 846 4374 docuisse
875 4311 985 4374 videor
1009 4311 1158 4374 Tacitum
1186 4323 1219 4375 et
1241 4313 1309 4374 Plu-

138 4425 282 4487 tarchum
310 4425 408 4488 verba
440 4425 493 4487 illa
529 4447 571 4487 ex
599 4425 689 4488 Plinii
725 4425 866 4489 historiis
901 4448 965 4490 non
1000 4428 1152 4490 hausisse.
1200 4429 1308 4504 Porro,
