3218 5058
220 391 264 456 44

221 589 361 651 edendas
377 588 587 650 mandaverat
601 585 648 670 ³⁵),
673 587 740 662 has,
767 589 952 670 priusquam
968 589 1138 661 emitteret,
1164 589 1392 668 recognovisse

221 715 253 768 et
277 715 403 787 praeter
436 704 499 766 alia
529 705 583 766 illa
617 724 746 785 quoque
770 705 909 768 Othonis
939 704 1037 767 verba
1066 704 1236 766 addidisse.
1284 703 1391 784 Quam

221 821 405 902 opinionem
430 820 615 902 probilitate
638 842 768 902 prorsus
800 829 909 882 'carere
933 841 989 902 per
1012 841 1047 882 se
1070 820 1273 900 intellegitur.
1332 820 1391 882 Ne·

221 958 283 1018 que
317 958 371 1011 ea,
408 958 491 1017 quae
520 937 636 1000 Nissen
671 937 712 998 ad
747 935 1001 998 confirmandam
1037 956 1109 998 eam
1144 937 1209 1020 (pp.
1245 948 1303 1014 545
1332 935 1392 1019 sq.)

221 1053 357 1136 profert,
391 1053 483 1114 ullius
507 1051 662 1115 momenti
687 1060 768 1113 sunt.
804 1052 904 1136 ¹Dicit
927 1053 1011 1114 enim
1034 1052 1206 1114 verisimile
1230 1073 1300 1114 esse
1323 1052 1391 1115 Plu·

221 1169 366 1256 tarchum
390 1170 500 1231 laudes
523 1169 603 1242 illas,
628 1169 743 1248 quibus
759 1167 948 1248 Verginium
972 1169 1099 1250 saepius
1122 1177 1303 1241 exornaret,
1328 1189 1393 1230 non

221 1306 263 1347 ex
286 1306 343 1346 sua
366 1285 465 1366 ipsius
489 1285 636 1357 scientia,
673 1284 770 1345 sede
809 1283 898 1345 fonte
935 1285 1111 1357 communi,
1153 1285 1171 1346 i.
1209 1305 1235 1345 e.
1261 1305 1279 1346 e
1302 1284 1394 1346 Plinii

221 1401 370 1474 historiis
396 1402 594 1482 repetivisse,
621 1402 653 1462 in
676 1421 756 1481 quas
780 1400 898 1462 Plinius
921 1400 1025 1462 minor
1049 1409 1125 1462 natu
1149 1421 1203 1462 eas
1225 1401 1395 1463 inseruisse

222 1517 326 1598 putari
349 1515 468 1598 posset.
517 1516 613 1598 Quod
644 1526 867 1598 argumentum
898 1516 974 1578 nihil
999 1516 1104 1577 valere
1128 1515 1279 1577 facillime
1302 1516 1391 1578 intel-

221 1632 346 1713 legitur.
409 1632 516 1713 Quam
546 1632 589 1695 ob
627 1653 694 1694 rem
724 1633 941 1714 quoniamque
962 1633 1030 1713 jam
1053 1653 1150 1713 supra
1174 1633 1214 1694 de
1238 1631 1287 1693 his
1312 1632 1390 1694 Ver·
1462 1640 1469 1647 '

221 1748 298 1829 ginii
326 1748 472 1810 laudibus
506 1749 726 1823 disseruimus,
760 1758 959 1810 transeamus
992 1749 1033 1811 ad
1066 1748 1202 1810 alteram
1235 1768 1392 1823 caussam,

222 1885 286 1945 qua
304 1863 420 1926 Nissen
441 1864 577 1946 probare
601 1865 709 1927 studet
726 1864 862 1927 Plinium
887 1864 1043 1926 minorem
1066 1873 1143 1926 natu
1167 1865 1394 1944 recognovisse

222 1989 254 2042 et
273 1979 488 2061 amplificasse
507 1980 655 2042 avunculi
671 1980 829 2043 historias
868 1980 975 2061 Quam
999 2000 1063 2042 non
1087 1980 1219 2061 majoris
1243 1981 1394 2061 ponderis

221 2117 291 2158 esse
315 2095 408 2158 facile
428 2097 563 2177 quisque
584 2096 748 2158 concedet.
783 2097 870 2159 Dicit
894 2097 979 2158 enim
997 2096 1112 2158 Nissen
1137 2095 1201 2180 (pp.
1231 2109 1290 2175 545
1317 2075 1392 2179 sqq)

226 2211 364 2274 »Dasur«
391 2249 435 2258 -
458 2233 502 2276 sc.
538 2213 605 2293 ejus
637 2213 695 2287 rei,
727 2213 814 2293 quod
844 2212 1010 2273 inseruerit
1032 2211 1150 2274 Plinius
1183 2213 1288 2273 minor
1317 2223 1394 2274 natu

222 2329 332 2391 laudes
356 2329 388 2418 in
408 2328 598 2409 Verginium
622 2328 757 2391 collatas
780 2365 823 2374 —-
851 2327 976 2389 »finden
1000 2329 1055 2389 wir
1077 2327 1161 2390 noch
1185 2329 1255 2390 eine
1278 2329 1395 2390 andere

222 2443 438 2525 Best'atigung.
485 2445 520 2506 In
554 2445 628 2506 dem
659 2443 796 2506 scho'nen
819 2443 920 2518 Briei,
952 2445 984 2504 in
1014 2443 1168 2505 welchem
1191 2443 1309 2505 Plinius
1333 2444 1395 2505 den

223 2559 297 2622 Tod
320 2561 377 2622 des
400 2560 573 2641 Verginius
597 2561 736 2641 anzeigt,
769 2560 868 2622 heisst
891 2580 926 2621 es
950 2575 979 2634 2,
1009 2576 1034 2620 1.
1061 2575 1078 2620 2
1109 2560 1281 2640 »»triginta
1304 2555 1394 2621 annis

223 2676 345 2757 gloriae
377 2695 455 2738 suae
489 2677 681 2758 supervixit:
719 2676 797 2756 legit
828 2677 947 2757 scripta
983 2676 1023 2737 de
1057 2697 1092 2738 se
1121 2677 1281 2751 carmina,
1316 2675 1395 2756 legit

222 2792 372 2854 historias
407 2801 439 2854 et
470 2793 650 2873 posteritati
681 2814 757 2855 suae
788 2792 981 2854 interluitur<
1031 2792 1093 2853 Die
1128 2792 1245 2853 letzten
1279 2791 1394 2852 Worte

223 2907 374 2988 erlangen
390 2918 454 2971 erst
470 2907 537 2970 ihre
552 2908 638 2970 volle
654 2908 858 2989 Bedeutung,
883 2929 975 2970 wenn
993 2928 1068 2969 man
1091 2907 1135 2969 im
1152 2906 1250 2969 Sinne
1273 2907 1392 2980 beh'alt,

223 3023 294 3086 dass
318 3025 350 3085 in
366 3025 441 3086 dem
456 3045 532 3086 vom
550 3023 667 3086 Oheim
683 3024 939 3105 geschriebenen,
964 3044 1041 3086 vom
1058 3023 1171 3085 Neffen
1196 3024 1317 3084 edirten
1335 3022 1393 3084 Ge-

224 3137 466 3203 schichtswerke
483 3140 655 3221 Verginius
679 3141 741 3201 den
758 3139 953 3222 Ehrenplatz
978 3139 1156 3201 einnahm.<‹
1207 3139 1255 3200 At
1278 3138 1395 3201 talibus

223 3255 317 3317 rebus
334 3255 410 3317 nihil
427 3258 555 3338 probari
572 3278 628 3338 per
644 3277 678 3318 se
701 3265 846 3337 apparet.
888 3254 1009 3317 Contra
1032 3256 1240 3336 gravissimae
1263 3275 1396 3316 caussae

224 3372 367 3453 opinioni
377 3371 421 3432 illi
431 3371 576 3446 Nissenii‚
592 3371 731 3434 Othonis
743 3370 840 3433 verba
848 3371 963 3444 ¹Salvio
972 3370 1152 3452 Coccejano
1164 3371 1251 3433 dicta
1263 3370 1393 3432 aPlinio

224 3463 347 3550 minore
359 3498 436 3551 natu
448 3488 480 3549 in
492 3488 638 3551 avunculi
663 3487 813 3550 historias
835 3487 953 3550 inserta
972 3508 1050 3561 esse,
1076 3487 1282 3549 vehementer
1306 3506 1393 3567 repu-

223 3614 333 3684 gnant.
358 3640 402 3650 —
429 3602 514 3665 Nam
537 3605 675 3685 primum
695 3625 759 3666 non
779 3606 805 3666 is
836 3614 905 3665 erat
926 3604 1053 3678 Plinius,
1080 3603 1134 3684 qui
1158 3604 1268 3665 leviter
1284 3603 1394 3663 Domi-

225 3720 303 3782 tiani
315 3720 395 3782 iram
408 3721 553 3794 irritaret,
572 3721 659 3800 quod
671 3740 711 3781 ne
722 3719 849 3794 faceret,
865 3721 932 3782 sine
944 3719 1042 3781 dubio
1055 3720 1083 3781 ei
1097 3720 1275 3781 timendum
1286 3717 1354 3791 fuit,
1368 3717 1395 3778 si

225 3835 323 3898 verba
338 3835 393 3897 illa
410 3834 550 3898 Othonis
566 3836 744 3917 adjecisset.
781 3837 825 3898 Et
840 3837 910 3918 ipse
933 3835 1048 3898 Nissen
1072 3835 1238 3897 contendit
1261 3834 1303 3918 (p.
1322 3833 1396 3916 546)
1415 3849 1418 3856 ·

224 3951 360 4014 Plinium
392 3952 424 4012 in
454 3952 721 4032 recognoscendis
754 3952 901 4014 avunculi
924 3951 1065 4012 historiis
1089 3970 1201 4012 omnes
1225 3970 1281 4012 eos
1306 3950 1395 4012 locos

225 4068 389 4144 delevisse,
415 4068 529 4148 quibus
553 4069 781 4149 imperatorem
804 4067 922 4129 offendi
947 4087 1043 4148 posse
1067 4074 1203 4147 putaret.
1247 4064 1394 4141 Accedit,

225 4184 313 4266 quod
347 4185 379 4244 in
409 4184 554 4265 epistolis
577 4183 668 4245 Plinii
692 4203 732 4244 ne
756 4204 853 4244 unum
877 4184 1006 4264 quidem
1030 4182 1189 4244 invenitur
1211 4181 1394 4262 vestigium,

226 4301 309 4362 unde
324 4299 433 4381 colligi
449 4301 552 4381 possit
574 4300 800 4380 recognovisse
824 4319 896 4360 eum
921 4299 1010 4361 illum
1033 4297 1157 4360 librum.
1183 4297 1296 4378 Neque
1312 4299 1396 4359 enim

296 4441 329 4510 85)
349 4444 383 4494 cf.
403 4444 470 4495 Plin.
492 4452 543 4494 nat.
564 4444 620 4495 hist.
640 4443 720 4508 praef.
743 4456 786 4491 20.
