3218 5058
262 1297 454 1392 [ludolfus
490 1296 629 1413 Lanqe
662 1297 713 1390 tle
745 1295 827 1388 vita
859 1320 949 1388 sua.

108 1605 206 1663 Natus
230 1622 295 1661 sum
319 1621 399 1660 anno
423 1603 452 1660 h.
478 1621 500 1660 s.
532 1603 635 1660 LVIII
659 1602 724 1660 Cal.
750 1602 823 1676 Maj.
847 1600 1027 1676 Altenburgi
1041 1600 1194 1674 Saxonum

60 1731 104 1778 tre
128 1719 283 1789 Eduardo,
319 1717 370 1793 qui
406 1717 579 1775 aconsiliis
613 1716 656 1775 rei
680 1715 878 1777 scholasticae
912 1726 977 1793 erat
1010 1733 1193 1790 munereque

60 1834 144 1892 :toris
179 1830 350 1891 scholarum
385 1832 494 1890 civium
528 1830 815 1907 Altenburgensium
855 1830 1051 1906 fungebatur,
1100 1843 1194 1889 matre

60 1948 155 2006 rtonia
187 1967 203 2006 e
232 1959 323 2023 gente
347 1949 466 2018 Besser,
503 1965 579 2022 quos
609 1956 750 2023 parentes
782 1945 949 2003 carissimos
982 1946 1045 2019 jam
1079 1945 1195 2022 pridem

60 2075 115 2120 rrte
149 2062 220 2120 mihi
256 2073 376 2138 ereptos
411 2080 476 2120 esse
522 2060 610 2118 valde
657 2061 757 2119 doleo.
838 2060 923 2119 Fidei
960 2061 1098 2119 addictus
1130 2079 1195 2118 sum

60 2177 225 2253 angelicae.
285 2176 466 2234 Litterarum
500 2175 657 2234 elementis
690 2175 722 2232 in
758 2176 862 2233 schola
897 2175 994 2251 prima
1016 2175 1124 2234 civium
1148 2176 1190 2232 in·

60 2305 140 2350 tutus
164 2279 278 2349 annun'r
301 2291 493 2350 undecimum
518 2309 611 2367 agens
646 2309 714 2350 vere
739 2310 765 2348 a.
791 2291 819 2348 h.
846 2310 869 2348 s.
894 2293 994 2348 LXIX
1025 2292 1055 2348 in
1080 2290 1195 2368 patriae

60 2408 105 2464 bis
129 2406 317 2483 gymnasium
341 2417 479 2482 receptus
510 2424 584 2476 sum,
610 2407 693 2480 quod
717 2425 770 2482 per
793 2417 864 2464 octo
888 2425 984 2463 annos
1009 2406 1196 2481 frequentavi

61 2523 220 2580 rectoribus
255 2539 325 2580 usus
348 2521 476 2598 primum
501 2520 644 2580 Eduardo
667 2523 691 2579 F
694 2522 788 2592 ossio,
829 2532 892 2579 turn
915 2523 1043 2580 Ernesto
1066 2523 1195 2579 Alberto

63 2639 182 2708 chter0,
219 2637 328 2712 quibus
352 2654 448 2710 aeque
473 2655 509 2693 ac
533 2636 640 2694 ceteris
663 2637 909 2713 praeceptoribus
933 2655 1050 2722 semper
1084 2637 1196 2713 gratias

65 2753 145 2810 bebo
169 2770 303 2828 magnas.
363 2753 442 2809 Vere
467 2771 492 2808 a.
518 2753 546 2809 h.
573 2771 595 2809 s.
621 2753 766 2810 LXXVII
789 2751 968 2810 maturitatis
993 2752 1196 2812 testimonium

68 2880 167 2944 eptus,
204 2878 236 2924 ut
259 2867 400 2925 historiae
424 2877 454 2925 et
478 2865 663 2941 antiquitatis
698 2868 802 2928 studiis
837 2887 884 2927 me
920 2868 1031 2938 darem,
1069 2867 1196 2945 primum

71 3003 129 3040 ram
152 3001 199 3042 me
225 2982 353 3053 contuli,
391 2982 442 3040 ubi
473 3000 527 3058 per
550 3000 643 3039 unum
678 2994 819 3042 semestre
855 2983 1042 3058 frequentavi
1077 2984 1196 3041 scholas

73 3117 151 3156 rrum
163 3097 404 3156 doctissimorum
416 3097 579 3167 Delbrtick,
606 3098 740 3169 Eucken,
767 3098 976 3168 Gaedechens,
997 3099 1033 3155 A.
1049 3099 1194 3169 Schmidt,

108 3213 251 3283 Schmidt,
289 3211 413 3270 Sievers.
471 3213 550 3269 Tum
593 3223 738 3270 autumno
782 3214 919 3288 ejusdem
954 3214 1026 3271 anni
1061 3214 1197 3291 Lipsiam

78 3328 239 3403 ismigravi,
277 3327 328 3384 ubi
367 3345 423 3404 per
463 3345 555 3385 unum
602 3339 743 3386 semestre
779 3328 879 3386 audivi
915 3330 1033 3388 scholas
1067 3330 1197 3387 virorum

82 3444 288 3502 strissimorum
315 3444 351 3500 G.
379 3443 515 3513 Curtius,
552 3445 670 3518 Lange,
711 3443 844 3519 Lipsius,
871 3445 1038 3504 Overbeck.
1087 3447 1198 3503 Postea

84 3577 142 3618 aa.
168 3560 196 3616 h.
223 3577 245 3616 s.
275 3559 436 3616 LXXVIII
460 3559 655 3615 Monachium
690 3559 845 3634 profectus
872 3578 946 3629 sum,
983 3560 1035 3618 ubi
1069 3559 1197 3636 primum

103 3675 162 3732 duo
186 3674 340 3732 semestria
362 3692 457 3749 usque
481 3674 520 3732 ad
544 3691 595 3732 ver
618 3692 644 3730 a.
670 3674 699 3730 h.
725 3693 747 3730 a.
773 3675 913 3743 LXXIX,
939 3685 1009 3743 tum,
1035 3686 1197 3751 postquam

90 3791 158 3848 estri
192 3790 308 3848 aestivo
355 3791 420 3864 ejus
461 3789 532 3846 anni
573 3782 833 3864 Gryphiswaldiae
881 3790 979 3848 studia
1013 3791 1194 3860 continuavi,

123 3924 214 3962 unum
263 3916 405 3963 semestre
461 3902 657 3963 libentissime
696 3905 818 3963 interfui
863 3905 911 3962 vel
946 3905 1004 3967 hoc
1063 3904 1197 3963 semestri

94 4041 167 4078 rsum
198 4021 307 4079 scholis
342 4021 472 4078 virorum
506 4019 749 4078 doctissimorum
773 4019 1023 4090 Brunn,Bursian,
1050 4021 1194 4092 Carriere,

112 4135 228 4206 Christ,
277 4136 456 4206 Cornelius,
505 4137 544 4194 de
592 4135 811 4206 Giesebrecht,
860 4136 898 4195 de
937 4137 1039 4207 Halm,
1085 4137 1195 4212 Julius,

99 4255 185 4322 cher,
233 4252 271 4310 de
306 4253 416 4321 Prantl,
465 4251 563 4322 Riehl,
612 4252 720 4310 Stieve.
804 4251 1060 4327 Gryphiswaldiae
1097 4263 1198 4310 autem
